Citations,Tectonic Setting,Location,Location Comment,Latitude (Min),Latitude (Max),Longitude (Min),Longitude (Max),Land or Sea,Elevation (Min),Elevation (Max),Sample Name,Rock Name,"Age (a, Min)","Age (a, Max)",Geol,Age,Eruption Day,Eruption Month,Eruption Year,Rock Texture,Rock Type,Drill Depth (Min),Drill Depth (Max),Alteration,Mineral,Material,Si,Ti,B,Al,Cr,Fe3+,Fe2+,Fetot(2+),Ca,Mg,Mn,Ni,K,Na,P,H2O,H2OP,H2OM,H2Otot,CO2,CO,F,Cl,Cl2,OH,CH4,SO2,SO3,SO4,S,LOI,Volatiles,O,Others,HE(CCM/G),HE(CCMSTP/G),HE3(CCMSTP/G),HE3(AT/G),HE4(CCM/G),HE4(CCMSTP/G),HE4(AT/G),HE4(MOLE/G),HE4(NCC/G),HE(NCC/G),Li,Be,B,C,CO2,F,Na,Mg,Al,P,S,Cl,K,Ca,Sc,Ti,V,Cr,Mn,Fe,Co,Ni,Cu,Zn,Ga,Ge,As,Se,Br,Rb,Sr,Y,Zr,Nb,Mo,Ru,Rh,Pd,Ag,Cd,In,Sn,Sb,Te,I,Cs,Ba,La,Ce,Pr,Nd,Sm,Eu,Gd,Tb,Dy,Ho,Er,Tm,Yb,Lu,Hf,Ta,W,Re,Os,Ir,Pt,Au,Hg,Tl,Pb,Bi,Th,U,Nd143/Nd144,Nd143/Nd144 initial,e Nd,Sr87/Sr86,SR87_SR86_INI,PB206_PB204,PB206_PB204_INI,PB207_PB204,PB207_PB204_INI,PB208_PB204,PB208_PB204_INI,OS184_OS188,OS186_OS188,OS187_OS186,OS187_OS188,RE187_OS186,RE187_OS188,HF176_HF177,HE3_HE4,HE3_HE4(R/R(A)),HE4_HE3,HE4_HE3(R/R(A)),K40_AR40,AR40_K40,Unique Id,
[66],RIFT VOLCANICS,ADEN GULF RIFT / GULF OF TADJOURA,,11.5,12,43,43,SUBAQUATIC,,,s DR1-5 [66],BASALT [66],,,,,,,,,VOLCANIC ROCK,,,,,WHOLE_ROCK [66] ,235867.70100000003,,,,,,,,,44564.655999999995,,,1245.225,,,,,,,,,,,,,,,,,,,,,,,,,,,,,,,,,,0.38,,,,,,,,,,,,,,,,,,,,,,,,,,,,,,,,,,,,,,,,,,,,,,,,,,,,,,,,,,,,,,,,,,,,,,,,,,,,,,,,,,,,,,,,,,,,,,,,,213245,
[66],RIFT VOLCANICS,ADEN GULF RIFT / GULF OF TADJOURA,,11.5,12,43,43,SUBAQUATIC,,,s 106-1 [66],BASALT [66],,,,,,,,,VOLCANIC ROCK,,,,,WHOLE_ROCK [66] ,215066.84350000002,,,,,,,,,42454.015999999996,,,2075.375,,,,,,,,,,,,,,,,,,,,,,,,,,,,,,,,,,0.21,,,,,,,,,,,,,,,,,,,,,,,,,,,,,,,,,,,,,,,,,,,,,,,,,,,,,,,,,,,,,,,,,,,,,,,,,,,,,,,,,,,,,,,,,,,,,,,,,213246,
[66],RIFT VOLCANICS,ADEN GULF RIFT / GULF OF TADJOURA,,11.5,12,43,43,SUBAQUATIC,,,s 103-1 [66],BASALT [66],,,,,,,,,VOLCANIC ROCK,,,,,WHOLE_ROCK [66] ,235820.95750000002,,,,,,,,,42574.623999999996,,,1328.24,,,,,,,,,,,,,,,,,,,,,,,,,,,,,,,,,,0.77,,,,,,,,,,,,,,,,,,,,,,,,,,,,,,,,,,,,,,,,,,,,,,,,,,,,,,,,,,,,,,,,,,,,,,,,,,,,,,,,,,,,,,,,,,,,,,,,,213247,
[8592],RIFT VOLCANICS,ADEN GULF RIFT / GULF OF TADJOURA,,11.5,12,43,43,SUBAQUATIC,,,s A 3 D 5 [8592],BASALT [8592],,,,,,,,,VOLCANIC ROCK,,,,,WHOLE_ROCK [8592] ,,,,,,,,76486.31999999999,,,,,,17582.0109,,,,,,,,,,,,,,,,,,,,,,,,,,,,,,,,,,,,,,,,,,,,,40.3,,,305,,,51.2,192,,,,,,,,,,,75,,,,,,,,,,0.05,,,0.02,,4.5,,,,,1.02,,0.56,,,,,,,1.87,0.39,,,,,,,,,,,0.3,0.19,,,,,,,,,,,,,,,,,,,,,,,,,264119,
[8592],RIFT VOLCANICS,ADEN GULF RIFT / GULF OF TADJOURA,,11.5,12,43,43,SUBAQUATIC,,,s A 3 D 17 [8592],BASALT [8592],,,,,,,,,VOLCANIC ROCK,,,,,WHOLE_ROCK [8592] ,,,,,,,,77185.89,,,,,,17730.3823,,,,,,,,,,,,,,,,,,,,,,,,,,,,,,,,,,,,,,,,,,,,,39.3,,,371,,,55.1,236,,,,,,,,,,,63,,,,,,,,,,,,,,13,3.3,,,,,0.95,,0.56,,,,,,,1.67,0.28,,,,,,,,,,,0.26,0.11,,,,,,,,,,,,,,,,,,,,,,,,,264120,
[8592],RIFT VOLCANICS,ADEN GULF RIFT / GULF OF TADJOURA,,11.5,12,43,43,SUBAQUATIC,,,s A 3 D 19 [8592],BASALT [8592],,,,,,,,,VOLCANIC ROCK,,,,,WHOLE_ROCK [8592] ,,,,,,,,73765.77,,,,,,16840.1539,,,,,,,,,,,,,,,,,,,,,,,,,,,,,,,,,,,,,,,,,,,,,43.7,,,382,,,55.4,272,,,,,,,,,,,67,,,,,,,,,,,,,,9,2.6,,,,,0.93,,0.47,,,,,,,1.33,0.23,,,,,,,,,,,0.18,,,,,,,,,,,,,,,,,,,,,,,,,,264121,
[8592],RIFT VOLCANICS,ADEN GULF RIFT / GULF OF TADJOURA,,11.5,12,43,43,SUBAQUATIC,,,s A 3 D 30 [8592],BASALT [8592],,,,,,,,,VOLCANIC ROCK,,,,,WHOLE_ROCK [8592] ,,,,,,,,83715.20999999999,,,,,,17433.6395,,,,,,,,,,,,,,,,,,,,,,,,,,,,,,,,,,,,,,,,,,,,,40.2,,,354,,,54.4,192,,,,,,,,2,,,61,,,,,,,,,,,,,,,3.4,,,,,0.98,,0.57,,,,,,,1.72,0.29,,,,,,,,,,,0.27,0.1,,,,,,,,,,,,,,,,,,,,,,,,,264122,
[8592],RIFT VOLCANICS,ADEN GULF RIFT / GULF OF TADJOURA,,11.5,12,43,43,SUBAQUATIC,,,s A 3 D 36 [8592],BASALT [8592],,,,,,,,,VOLCANIC ROCK,,,,,WHOLE_ROCK [8592] ,,,,,,,,77807.73,,,,,,16469.2254,,,,,,,,,,,,,,,,,,,,,,,,,,,,,,,,,,,,,,,,,,,,,39.4,,,378,,,53.3,204,,,,,,,,,,,66,,,,,,,,,,0.02,,,0.03,12,2.4,,,,,0.9,,0.49,,,,,,,1.51,0.21,,,,,,,,,,,0.19,0.23,,,,,,,,,,,,,,,,,,,,,,,,,264123,
[8592],RIFT VOLCANICS,ADEN GULF RIFT / GULF OF TADJOURA,,11.5,12,43,43,SUBAQUATIC,,,s A 3 D 38 [8592],BASALT [8592],,,,,,,,,VOLCANIC ROCK,,,,,WHOLE_ROCK [8592] ,,,,,,,,79906.43999999999,,,,,,21365.4816,,,,,,,,,,,,,,,,,,,,,,,,,,,,,,,,,,,,,,,,,,,,,42,,,206,,,50.4,96,,,,,,,,2.4,151,,91,,,,,,,,,,0.16,,,0.04,28,6.1,,,,,1.27,,0.68,,,,,,,2.44,0.58,,,,,,,,,,,0.57,0.28,,,,,,,,,,,,,,,,,,,,,,,,,264124,
[8592],RIFT VOLCANICS,ADEN GULF RIFT / GULF OF TADJOURA,,11.5,12,43,43,SUBAQUATIC,,,s A 3 D 39 [8592],BASALT [8592],,,,,,,,,VOLCANIC ROCK,,,,,WHOLE_ROCK [8592] ,,,,,,,,80994.66,,,,,,17952.9394,,,,,,,,,,,,,,,,,,,,,,,,,,,,,,,,,,,,,,,,,,,,,42.6,,,296,,,52.1,181,,,,,,,,3.8,,,100,,,,,,,,,,0.15,,,0.08,16,5.5,,,,,1.2,,0.64,,,,,,,2.03,0.5,,,,,,,,,,,0.36,0.4,,,,,,,,,,,,,,,,,,,,,,,,,264125,
[8592],RIFT VOLCANICS,ADEN GULF RIFT / GULF OF TADJOURA,,11.5,12,43,43,SUBAQUATIC,,,s A 3 D 40 [8592],BASALT [8592],,,,,,,,,VOLCANIC ROCK,,,,,WHOLE_ROCK [8592] ,,,,,,,,76641.78,,,,,,18917.353499999997,,,,,,,,,,,,,,,,,,,,,,,,,,,,,,,,,,,,,,,,,,,,,39.3,,,348,,,51.9,198,,,,,,,,,348,,83,,,,,,,,,,0.13,,,,16,3.4,,,,,1.02,,0.53,,,,,,,1.67,0.28,,,,,,,,,,,0.28,0.16,,,,,,,,,,,,,,,,,,,,,,,,,264126,
[8592],RIFT VOLCANICS,ADEN GULF RIFT / GULF OF TADJOURA,,11.5,12,43,43,SUBAQUATIC,,,s A 8 D 1 [8592],BASALT [8592],,,,,,,,,VOLCANIC ROCK,,,,,WHOLE_ROCK [8592] ,,,,,,,,105945.99,,,,,,20623.6246,,,,,,,,,,,,,,,,,,,,,,,,,,,,,,,,,,,,,,,,,,,,,36.4,,,192,,,55.8,132,,,,,,,,,452,,79,,,,,,,,,,,,,0.03,79,13,,,,,2.15,,0.91,,,,,,,4.09,1.47,,,,,,,,,,,0.55,0.15,,,,,,,,,,,,,,,,,,,,,,,,,264127,
[8592],RIFT VOLCANICS,ADEN GULF RIFT / GULF OF TADJOURA,ARTA BEACH,11.5,11.5,42.9,42.9,SUBAERIAL,,,s TF 785 A [8592],BASALT [8592],,,,,,,,,VOLCANIC ROCK,,,,,WHOLE_ROCK [8592] ,,,,,,,,135094.74,,,,,,21958.9672,,,,,,,,,,,,,,,,,,,,,,,,,,,,,,,,,,,,,,,,,,,,,41.9,,,130,,,62.1,85,,,,,,,,4,315,,259,,,,,,,,,,0.04,,,0.06,149,22,,,,,2.52,,1.27,,,,,,,6.01,2.03,,,,,,,,,,,2.18,0.34,,,,,,,,,,,,,,,,,,,,,,,,,264151,
[8592],RIFT VOLCANICS,ADEN GULF RIFT / GULF OF TADJOURA,ARTA BEACH,11.5,11.5,42.9,42.9,SUBAERIAL,,,s TF 785 C [8592],BASALT [8592],,,,,,,,,VOLCANIC ROCK,,,,,WHOLE_ROCK [8592] ,,,,,,,,96074.28,,,,,,23442.6812,,,,,,,,,,,,,,,,,,,,,,,,,,,,,,,,,,,,,,,,,,,,,37,,,384,,,61.7,224,,,,,,,,3.4,325,,77,,,,,,,,,,0.01,,,0.01,73,7.7,,,,,1.58,,0.58,,,,,,,2.45,0.28,,,,,,,,,,,0.59,0.13,,,,,,,,,,,,,,,,,,,,,,,,,264152,
[8592],RIFT VOLCANICS,ADEN GULF RIFT / GULF OF TADJOURA,ARTA BEACH,11.5,11.5,42.9,42.9,SUBAERIAL,,,s TF 785 B [8592],BASALT [8592],,,,,,,,,VOLCANIC ROCK,,,,,WHOLE_ROCK [8592] ,,,,,,,,102448.14,,,,,,27300.3376,,,,,,,,,,,,,,,,,,,,,,,,,,,,,,,,,,,,,,,,,,,,,34.6,,,172,,,56.7,150,,,,,,,,4.5,463,,178,,,,,,,,,,0.03,,,0.06,119,15.8,,,,,2.38,,0.88,,,,,,,4.35,1.49,,,,,,,,,,,1.3,0.22,,,,,,,,,,,,,,,,,,,,,,,,,264153,
[8592],RIFT VOLCANICS,ADEN GULF RIFT / GULF OF TADJOURA,ARTA BEACH,11.5,11.5,42.9,42.9,SUBAERIAL,,,s TF 651 [8592],BASALT [8592],,,,,,,,,VOLCANIC ROCK,,,,,WHOLE_ROCK [8592] ,,,,,,,,111542.55,,,,,,24184.5382,,,,,,,,,,,,,,,,,,,,,,,,,,,,,,,,,,,,,,,,,,,,,39.1,,,186,,,59.1,138,,,,,,,,6.6,393,,199,,,,,,,,,,0.02,,,0.04,128,13.4,,,,,2.21,,0.88,,,,,,,3.92,1.19,,,,,,,,,,,0.93,0.14,,,,,,,,,,,,,,,,,,,,,,,,,264154,
[8592],RIFT VOLCANICS,ADEN GULF RIFT / GULF OF TADJOURA,ARTA BEACH,11.5,11.5,42.9,42.9,SUBAERIAL,,,s TF 657 [8592],BASALT [8592],,,,,,,,,VOLCANIC ROCK,,,,,WHOLE_ROCK [8592] ,,,,,,,,98717.09999999999,,,,,,24555.4667,,,,,,,,,,,,,,,,,,,,,,,,,,,,,,,,,,,,,,,,,,,,,38,,,51,,,49,46,,,,,,,,8.1,232,,100,,,,,,,,,,0.02,,,0.05,117,14.3,,,,,1.68,,0.81,,,,,,,3.17,1.29,,,,,,,,,,,1.34,0.29,,,,,,,,,,,,,,,,,,,,,,,,,264155,
[8592],RIFT VOLCANICS,ADEN GULF RIFT / GULF OF TADJOURA,ARTA BEACH,11.5,11.5,42.9,42.9,SUBAERIAL,,,s TF 621 [8592],BASALT [8592],,,,,,,,,VOLCANIC ROCK,,,,,WHOLE_ROCK [8592] ,,,,,,,,97706.61,,,,,,23145.9384,,,,,,,,,,,,,,,,,,,,,,,,,,,,,,,,,,,,,,,,,,,,,38.8,,,64,,,56,68,,,,,,,,3.4,276,,138,,,,,,,,,,0.03,,,0.04,104,11.1,,,,,1.46,,0.69,,,,,,,2.65,1.08,,,,,,,,,,,1.17,0.14,,,,,,,,,,,,,,,,,,,,,,,,,264156,
[8592],RIFT VOLCANICS,ADEN GULF RIFT / GULF OF TADJOURA,ROVELI,11.5,11.5,43,43,SUBAERIAL,,,s TF 727 [8592],BASALT [8592],,,,,,,,,VOLCANIC ROCK,,,,,WHOLE_ROCK [8592] ,,,,,,,,108277.89,,,,,,33606.1221,,,,,,,,,,,,,,,,,,,,,,,,,,,,,,,,,,,,,,,,,,,,,35.7,,,255,,,58.3,150,,,,,,,,6.4,447,,190,,,,,,,,,,0.03,,,0.04,168,18,,,,,2.44,,0.93,,,,,,,4.54,1.72,,,,,,,,,,,1.41,0.38,,,,,,,,,,,,,,,,,,,,,,,,,264157,
[8592],RIFT VOLCANICS,ADEN GULF RIFT / GULF OF TADJOURA,ROVELI,11.5,11.5,43,43,SUBAERIAL,,,s TF 907 [8592],BASALT [8592],,,,,,,,,VOLCANIC ROCK,,,,,WHOLE_ROCK [8592] ,,,,,,,,107267.40000000001,,,,,,23887.7954,,,,,,,,,,,,,,,,,,,,,,,,,,,,,,,,,,,,,,,,,,,,,37.3,,,225,,,53.2,110,,,,,,,,4.8,423,,199,,,,,,,,,,0.02,,,0.07,206,21.3,,,,,2.69,,1,,,,,,,5,1.85,,,,,,,,,,,1.49,0.33,,,,,,,,,,,,,,,,,,,,,,,,,264158,
[8592],RIFT VOLCANICS,ADEN GULF RIFT / GULF OF TADJOURA,ROVELI,11.5,11.5,43,43,SUBAERIAL,,,s TF 778 B [8592],BASALT [8592],,,,,,,,,VOLCANIC ROCK,,,,,WHOLE_ROCK [8592] ,,,,,,,,105013.23,,,,,,24703.8381,,,,,,,,,,,,,,,,,,,,,,,,,,,,,,,,,,,,,,,,,,,,,38.1,,,178,,,52.6,107,,,,,,,,6.7,396,,197,,,,,,,,,,0.01,,,0.05,170,18.3,,,,,2.56,,0.95,,,,,,,4.81,1.75,,,,,,,,,,,1.32,0.25,,,,,,,,,,,,,,,,,,,,,,,,,264159,
[8592],RIFT VOLCANICS,ADEN GULF RIFT / GULF OF TADJOURA,ROVELI,11.5,11.5,43,43,SUBAERIAL,,,s TF 906 [8592],BASALT [8592],,,,,,,,,VOLCANIC ROCK,,,,,WHOLE_ROCK [8592] ,,,,,,,,113408.06999999999,,,,,,24036.1668,,,,,,,,,,,,,,,,,,,,,,,,,,,,,,,,,,,,,,,,,,,,,34.8,,,265,,,61.2,146,,,,,,,,5.4,438,,165,,,,,,,,,,0.03,,,0.04,199,17.2,,,,,2.25,,0.87,,,,,,,4.5,1.63,,,,,,,,,,,1.37,0.22,,,,,,,,,,,,,,,,,,,,,,,,,264160,
[8592],RIFT VOLCANICS,ADEN GULF RIFT / GULF OF TADJOURA,ROVELI,11.5,11.5,43,43,SUBAERIAL,,,s TF 728 [8592],BASALT [8592],,,,,,,,,VOLCANIC ROCK,,,,,WHOLE_ROCK [8592] ,,,,,,,,109987.95,,,,,,21588.0387,,,,,,,,,,,,,,,,,,,,,,,,,,,,,,,,,,,,,,,,,,,,,30.7,,,256,,,58.2,139,,,,,,,,4.6,398,,214,,,,,,,,,,,,,0.04,150,18,,,,,2.22,,0.93,,,,,,,4.3,1.79,,,,,,,,,,,1.32,0.34,,,,,,,,,,,,,,,,,,,,,,,,,264161,
[8592],RIFT VOLCANICS,ADEN GULF RIFT / GULF OF TADJOURA,ROVELI,11.5,11.5,43,43,SUBAERIAL,,,s TF 721 [8592],BASALT [8592],,,,,,,,,VOLCANIC ROCK,,,,,WHOLE_ROCK [8592] ,,,,,,,,99028.02,,,,,,23739.424,,,,,,,,,,,,,,,,,,,,,,,,,,,,,,,,,,,,,,,,,,,,,36.8,,,199,,,56.3,114,,,,,,,,,379,,148,,,,,,,,,,0.02,,,0.04,119,14,,,,,2.13,,0.87,,,,,,,3.7,1.29,,,,,,,,,,,0.83,0.18,,,,,,,,,,,,,,,,,,,,,,,,,264162,
[8592],RIFT VOLCANICS,ADEN GULF RIFT / GULF OF TADJOURA,WE^A,11.5,11.5,43,43,SUBAERIAL,,,s TF 742 A [8592],BASALT [8592],,,,,,,,,VOLCANIC ROCK,,,,,WHOLE_ROCK [8592] ,,,,,,,,111620.28,,,,,,21736.4101,,,,,,,,,,,,,,,,,,,,,,,,,,,,,,,,,,,,,,,,,,,,,39.8,,,134,,,53,75,,,,,,,,6.5,311,,253,,,,,,,,,,0.02,,,0.02,144,20.9,,,,,2.28,,1.11,,,,,,,5.26,1.76,,,,,,,,,,,2.32,0.36,,,,,,,,,,,,,,,,,,,,,,,,,264163,
[8592],RIFT VOLCANICS,ADEN GULF RIFT / GULF OF TADJOURA,WE^A,11.5,11.5,43,43,SUBAERIAL,,,s TF 738 A [8592],BASALT [8592],,,,,,,,,VOLCANIC ROCK,,,,,WHOLE_ROCK [8592] ,,,,,,,,119160.09,,,,,,20846.1817,,,,,,,,,,,,,,,,,,,,,,,,,,,,,,,,,,,,,,,,,,,,,42.1,,,123,,,56.1,72,,,,,,,,4.1,301,,225,,,,,,,,,,0.05,,,0.06,127,18.3,,,,,2.17,,1.07,,,,,,,4.97,1.7,,,,,,,,,,,1.84,0.33,,,,,,,,,,,,,,,,,,,,,,,,,264165,
[8592],RIFT VOLCANICS,ADEN GULF RIFT / GULF OF TADJOURA,WE^A,11.5,11.5,43,43,SUBAERIAL,,,s TF 738 B [8592],BASALT [8592],,,,,,,,,VOLCANIC ROCK,,,,,WHOLE_ROCK [8592] ,,,,,,,,118926.90000000001,,,,,,23516.866899999997,,,,,,,,,,,,,,,,,,,,,,,,,,,,,,,,,,,,,,,,,,,,,40.3,,,76,,,57.8,79,,,,,,,,8.5,332,,169,,,,,,,,,,0.05,,,0.07,134,18.4,,,,,2.37,,1.02,,,,,,,4.82,1.56,,,,,,,,,,,1.69,0.27,,,,,,,,,,,,,,,,,,,,,,,,,264166,
[8592],RIFT VOLCANICS,ADEN GULF RIFT / GULF OF TADJOURA,WE^A,11.5,11.5,43,43,SUBAERIAL,,,s TF 746 B [8592],BASALT [8592],,,,,,,,,VOLCANIC ROCK,,,,,WHOLE_ROCK [8592] ,,,,,,,,145821.48,,,,,,25816.6236,,,,,,,,,,,,,,,,,,,,,,,,,,,,,,,,,,,,,,,,,,,,,47.1,,,32,,,61.9,46,,,,,,,,8.1,303,,270,,,,,,,,,,0.04,,,0.09,152,19.5,,,,,2.82,,1.22,,,,,,,5.7,1.75,,,,,,,,,,,1.69,0.38,,,,,,,,,,,,,,,,,,,,,,,,,264167,
[8592],RIFT VOLCANICS,ADEN GULF RIFT / GULF OF TADJOURA,WE^A,11.5,11.5,43,43,SUBAERIAL,,,s TF 742 B [8592],BASALT [8592],,,,,,,,,VOLCANIC ROCK,,,,,WHOLE_ROCK [8592] ,,,,,,,,118771.43999999999,,,,,,25000.5809,,,,,,,,,,,,,,,,,,,,,,,,,,,,,,,,,,,,,,,,,,,,,40.5,,,64,,,56.8,79,,,,,,,,7.2,322,,212,,,,,,,,,,0.03,,,0.08,173,18.1,,,,,2.47,,1.07,,,,,,,5.04,1.64,,,,,,,,,,,1.66,0.27,,,,,,,,,,,,,,,,,,,,,,,,,264168,
[8592],RIFT VOLCANICS,ADEN GULF RIFT / GULF OF TADJOURA,GHOUBBET,11.6,11.6,42.6,42.6,SUBAERIAL,,,s TF 703 B [8592],BASALT [8592],,,,,,,,,VOLCANIC ROCK,,,,,WHOLE_ROCK [8592] ,,,,,,,,79051.41,,,,,,19214.096299999997,,,,,,,,,,,,,,,,,,,,,,,,,,,,,,,,,,,,,,,,,,,,,30,,,216,,,46.3,149,,,,,,,,,427,,169,,,,,,,,,,,,,0.05,99,16.3,,,,,1.77,,0.73,,,,,,,3.35,1.45,,,,,,,,,,,0.78,0.22,,,,,,,,,,,,,,,,,,,,,,,,,264172,
[8592],RIFT VOLCANICS,ADEN GULF RIFT / GULF OF TADJOURA,GHOUBBET,11.6,11.6,42.6,42.6,SUBAERIAL,,,s TF 789 B [8592],BASALT [8592],,,,,,,,,VOLCANIC ROCK,,,,,WHOLE_ROCK [8592] ,,,,,,,,90944.09999999999,,,,,,21365.4816,,,,,,,,,,,,,,,,,,,,,,,,,,,,,,,,,,,,,,,,,,,,,34.2,,,250,,,52.1,133,,,,,,,,8.1,433,,212,,,,,,,,,,0.02,,,0.05,219,19.6,,,,,2.27,,0.87,,,,,,,4.21,1.86,,,,,,,,,,,1.63,0.32,,,,,,,,,,,,,,,,,,,,,,,,,264173,
[8592],RIFT VOLCANICS,ADEN GULF RIFT / GULF OF TADJOURA,GHOUBBET,11.6,11.6,42.6,42.6,SUBAERIAL,,,s TF 773 [8592],BASALT [8592],,,,,,,,,VOLCANIC ROCK,,,,,WHOLE_ROCK [8592] ,,,,,,,,129498.18000000001,,,,,,24036.1668,,,,,,,,,,,,,,,,,,,,,,,,,,,,,,,,,,,,,,,,,,,,,51.4,,,50,,,51.4,54,,,,,,,,10.5,313,,309,,,,,,,,,,0.07,,,0.08,236,27.5,,,,,3.36,,1.53,,,,,,,7.4,2.42,,,,,,,,,,,2.59,0.53,,,,,,,,,,,,,,,,,,,,,,,,,264174,
[8592],RIFT VOLCANICS,ADEN GULF RIFT / GULF OF TADJOURA,GHOUBBET,11.6,11.6,42.6,42.6,SUBAERIAL,,,s TF 691 [8592],BASALT [8592],,,,,,,,,VOLCANIC ROCK,,,,,WHOLE_ROCK [8592] ,,,,,,,,86124.84,,,,,,19659.210499999997,,,,,,,,,,,,,,,,,,,,,,,,,,,,,,,,,,,,,,,,,,,,,30.4,,,242,,,53.4,187,,,,,,,,4.3,475,,161,,,,,,,,,,0.03,,,0.05,154,15.8,,,,,1.85,,0.74,,,,,,,3.32,1.63,,,,,,,,,,,1.11,0.22,,,,,,,,,,,,,,,,,,,,,,,,,264175,
[66][2846][2847][2822],RIFT VOLCANICS,ADEN GULF RIFT / GULF OF TADJOURA,,11.5,12,43,43,SUBAQUATIC,,,s 102-2 [66],BASALT [66],,,,,,,,,VOLCANIC ROCK,,,,,WHOLE_ROCK [66] / VOLCANIC GLASS [2847] ,216609.37900000004,,,,,,,,,41368.544,,,1826.33,,,,,,,,,,,,,,,,,,,,,,,,,,,,,,,,,,0.81,,,,,,,,,,,,36.1,,430,218,,,56.6,172,,,,,,,,1.2,435.3,30,141,19,,,,,,,,,,,,,65,10.06,27.72,,20.39,5.52,2.03,5.84,0.84,5.66,,2.98,,2.5,0.37,3.74,1.25,,,,,,,,,,,0.36,0.14,0.512926,,,,,,,,,,,,,,,,,,,8.8,,,,,37469-102-2,
[66][2846][2847],RIFT VOLCANICS,ADEN GULF RIFT / GULF OF TADJOURA,,11.5,12,43,43,SUBAQUATIC,,,s 124-1 [66],BASALT [66],,,,,,,,,VOLCANIC ROCK,,,,,WHOLE_ROCK [66] / VOLCANIC GLASS [2847] ,217684.47950000002,,,,,,,,,41006.719999999994,,,3237.585,,,,,,,,,,,,,,,,,,,,,,,,,,,,,,,,,,0.54,,,,,,,,,,,,35.4,,,245,,,52.5,155,,,,,,,,3.6,492.7,,169,,,,,,,,,,,,,,91.9,12.12,32.54,,23.49,6.02,2.26,6.3,0.88,5.95,,3.05,,2.53,0.38,3.89,1.65,,,,,,,,,,,0.62,0.15,,,,,,,,,,,,,,,,,,,,,,,,,37469-124-1,
[66][2846][2847],RIFT VOLCANICS,ADEN GULF RIFT / GULF OF TADJOURA,,11.5,12,43,43,SUBAQUATIC,,,s 124-2 [66],BASALT [66],,,,,,,,,VOLCANIC ROCK,,,,,WHOLE_ROCK [66] / VOLCANIC GLASS [2847] ,211654.56800000003,,,,,,,,,41670.064,,,2988.54,,,,,,,,,,,,,,,,,,,,,,,,,,,,,,,,,,0.32,,,,,,,,,,,,36.7,,,,,,50.7,120,,,,,,,,2.8,486.8,,166,,,,,,,,,,,,,,108,16.34,42.4,,30.14,7.37,2.69,7.43,1.05,6.8,,3.5,,2.8,0.42,4.1,2.06,,,,,,,,,,,0.66,0.12,0.51287,,,,,,,,,,,,,,,,,,,,,,,,37469-124-2,
[8592][2847],RIFT VOLCANICS,ADEN GULF RIFT / GULF OF TADJOURA,,11.5,12,43,43,SUBAQUATIC,,,s A 3 D 3 [8592],BASALT [8592],,,,,,,,,VOLCANIC ROCK,,,,,WHOLE_ROCK [8592] ,,,,,,,,64282.71,,,,,,16469.2254,,,,,,,,,,,,,,,,,,,,,,,,,,,,,,,,,,,,,,,,,,,,,37.9,,,180,,,47.7,139,,,,,,,,,109.4,,44,,,,,,,,,,0.02,,,,,1.68,4.9,,4.33,1.58,0.63,2.3,0.4,2.96,,1.88,,1.77,0.28,0.95,0.14,,,,,,,,,,,0.18,0.28,,,,,,,,,,,,,,,,,,,,,,,,,37469-A 3 D 3,
[66][2846],RIFT VOLCANICS,ADEN GULF RIFT / GULF OF TADJOURA,,11.5,12,43,43,SUBAQUATIC,,,s DR1-3 [66],BASALT [66],,,,,,,,,VOLCANIC ROCK,,,,,WHOLE_ROCK [66] ,235260.0355,,,,,,,,,43237.96799999999,,,1328.24,,,,,,,,,,,,,,,,,,,,,,,,,,,,,,,,,,0.74,,,,,,,,,,,,41.1,,,,,,48.7,114,,,,,,,,3.5,,,86,,,,,,,,,,,,,,39.6,5.74,13.76,,9.55,3.08,1.12,4.14,0.68,4.89,,3.08,,3.01,0.46,2.2,0.57,,,,,,,,,,,0.64,0.12,0.513,,,,,,,,,,,,,,,,,,,,,,,,37469-DR1-3,
[2845][8592][2849],RIFT VOLCANICS,ADEN GULF RIFT / GULF OF TADJOURA,,11.5,12,43,43,SUBAQUATIC,,,s MR-V60 [2845] / s MRV 60 [8592],BASALT [2845] / THOLEIITE [2849],,,,,,,,,VOLCANIC ROCK,,,,,WHOLE_ROCK [2845] ,215440.79150000002,,,,,,,100271.7,,,,,,19288.282,,,,,,,,,,,,,,,,,,,,,,,,,,,,,,,,,,,,,,,,,,,,,33.4,,,346,,,45.5,258,,,,,,,,4.5,652,,179,,,,,,,,,,0.1,,,0.04,89,9.5,,,,,2.06,,0.77,,,,,,,3.54,1.45,,,,,,,,,,,0.65,0.69,0.51294,,,0.7034,,,,,,,,,,,,,,,,,,,,,37469-MR-V60,
[8592][2847],RIFT VOLCANICS,ADEN GULF RIFT / GULF OF TADJOURA,WE^A,11.5,11.5,43,43,SUBAERIAL,,,s TF 746 A [8592],BASALT [8592],,,,,,,,,VOLCANIC ROCK,,,,,WHOLE_ROCK [8592] ,,,,,,,,142401.36000000002,,,,,,22552.4528,,,,,,,,,,,,,,,,,,,,,,,,,,,,,,,,,,,,,,,,,,,,,47.6,,,101,,,59.6,44,,,,,,,,7.4,244.1,,269,,,,,,,,,,0.04,,,0.1,156,19.26,47.04,,30.23,7.71,2.63,8.41,1.29,8.47,,4.83,,4.3,0.65,5.85,1.84,,,,,,,,,,,1.69,0.34,,,,,,,,,,,,,,,,,,,,,,,,,45439-TF 746 A,
[2846],RIFT VOLCANICS,ADEN GULF RIFT / GULF OF TADJOURA,,11.5,12,43,43,SUBAQUATIC,,,s 103-1GL [2846],BASALT [2846],,,,,,,,,VOLCANIC ROCK,,,,,VOLCANIC GLASS [2846] ,,,,,,,,,,,,,,,,,,,,,,,,,,,,,,,,,,,,,,,,,,,,,,,,,,,,,,,,,,,,,,,,,,,,,,,,,,,,,,,,,,,,,,,,,,,,5.56,,,9.64,2.96,1.09,3.85,,4.9,,2.94,,2.81,,,,,,,,,,,,,,,,0.513028,,,,,,,,,,,,,,,,,,,,,,,,487729,
[2846],RIFT VOLCANICS,ADEN GULF RIFT / GULF OF TADJOURA,,11.5,12,43,43,SUBAQUATIC,,,s 103-1GL [2846],BASALT [2846],,,,,,,,,VOLCANIC ROCK,,,,,VOLCANIC GLASS [2846] ,,,,,,,,,,,,,,,,,,,,,,,,,,,,,,,,,,,,,,,,,,,,,,,,,,,,,,,,,,,,,,,,,,,,,,,,,,,,,,,,,,,,,,,,,,,,,,,,,,,,,,,,,,,,,,,,,,,,,,,,0.513052,,,,,,,,,,,,,,,,,,,,,,,,487730,
[2846],RIFT VOLCANICS,ADEN GULF RIFT / GULF OF TADJOURA,,11.5,12,43,43,SUBAQUATIC,,,s 103-3 [2846],BASALT [2846],,,,,,,,,VOLCANIC ROCK,,,,,WHOLE_ROCK [2846] ,,,,,,,,,,,,,,,,,,,,,,,,,,,,,,,,,,,,,,,,,,,,,,,,,,,,,,,,,,,36,,,233,,,45.9,123,,,,,,,,,,,142,,,,,,,,,,,,,,41.9,14.6,,,,,1.69,,0.75,,,,,,,3.37,1.24,,,,,,,,,,,0.92,0.94,0.513019,,,,,,,,,,,,,,,,,,,,,,,,487731,
[2846],RIFT VOLCANICS,ADEN GULF RIFT / GULF OF TADJOURA,,11.5,12,43,43,SUBAQUATIC,,,s 105-1 [2846],BASALT [2846],,,,,,,,,VOLCANIC ROCK,,,,,WHOLE_ROCK [2846] ,,,,,,,,,,,,,,,,,,,,,,,,,,,,,,,,,,,,,,,,,,,,,,,,,,,,,,,,,,,41.5,,364,182,,,49.4,115,,,,,,,,3.2,115,30,82,10,,,,,,,,,,,,,30,5.25,,,,,1.25,,0.68,,,,,,,2.1,0.51,,,,,,,,,,,0.64,0.41,0.513046,,,,,,,,,,,,,,,,,,,,,,,,487732,
[2846],RIFT VOLCANICS,ADEN GULF RIFT / GULF OF TADJOURA,,11.5,12,43,43,SUBAQUATIC,,,s 106-1GL [2846],BASALT [2846],,,,,,,,,VOLCANIC ROCK,,,,,VOLCANIC GLASS [2846] ,,,,,,,,,,,,,,,,,,,,,,,,,,,,,,,,,,,,,,,,,,,,,,,,,,,,,,,,,,,40.2,,,,,,46.8,107,,,,,,,,3.8,,,107,,,,,,,,,,,,,,42.9,6.08,14.77,,10.52,3.22,1.17,4.12,0.69,5.12,,3.23,,3.17,0.49,2.2,0.57,,,,,,,,,,,0.66,0.14,0.512977,,,,,,,,,,,,,,,,,,,,,,,,487733,
[2846],RIFT VOLCANICS,ADEN GULF RIFT / GULF OF TADJOURA,,11.5,12,43,43,SUBAQUATIC,,,s 106-2 [2846],BASALT [2846],,,,,,,,,VOLCANIC ROCK,,,,,WHOLE_ROCK [2846] ,,,,,,,,,,,,,,,,,,,,,,,,,,,,,,,,,,,,,,,,,,,,,,,,,,,,,,,,,,,41.3,,,,,,48.8,116,,,,,,,,4,,,82,,,,,,,,,,,,,,41.3,5.79,14.46,,9.72,3.09,1.14,4.12,0.7,4.98,,3.15,,3.08,0.48,2.2,0.58,,,,,,,,,,,0.65,0.43,0.513011,,,,,,,,,,,,,,,,,,,,,,,,487734,
[2846],RIFT VOLCANICS,ADEN GULF RIFT / GULF OF TADJOURA,,11.5,12,43,43,SUBAQUATIC,,,s 106-3 [2846],BASALT [2846],,,,,,,,,VOLCANIC ROCK,,,,,WHOLE_ROCK [2846] ,,,,,,,,,,,,,,,,,,,,,,,,,,,,,,,,,,,,,,,,,,,,,,,,,,,,,,,,,,,41.3,,,,,,48.7,117,,,,,,,,4.2,,,81,,,,,,,,,,,,,,36.7,5.6,,,,,1.13,,0.69,,,,,,,2.3,0.57,,,,,,,,,,,0.62,0.33,,,,,,,,,,,,,,,,,,,,,,,,,487735,
[2846],RIFT VOLCANICS,ADEN GULF RIFT / GULF OF TADJOURA,,11.5,12,43,43,SUBAQUATIC,,,s 107-4 [2846],BASALT [2846],,,,,,,,,VOLCANIC ROCK,,,,,WHOLE_ROCK [2846] ,,,,,,,,,,,,,,,,,,,,,,,,,,,,,,,,,,,,,,,,,,,,,,,,,,,,,,,,,,,46.1,,457,148,,,48.6,63,,,,,,,,3,133,41,113,12,,,,,,,,,,,,,33,7.28,18.71,,13.79,4.3,1.55,5.62,0.92,6.65,,4.22,,3.94,0.62,3.05,0.69,,,,,,,,,,,0.81,1.35,0.513041,,,,,,,,,,,,,,,,,,,,,,,,487736,
[2846],RIFT VOLCANICS,ADEN GULF RIFT / GULF OF TADJOURA,,11.5,12,43,43,SUBAQUATIC,,,s 109-1 [2846],BASALT [2846],,,,,,,,,VOLCANIC ROCK,,,,,WHOLE_ROCK [2846] ,,,,,,,,,,,,,,,,,,,,,,,,,,,,,,,,,,,,,,,,,,,,,,,,,,,,,,,,,,,39.3,,,260,,,47.5,129,,,,,,,,1.35,,,77,,,,,,,,,,,,,,17.8,4.85,,,,,1.18,,0.64,,,,,,,2.1,0.46,,,,,,,,,,,0.55,0.51,,,,,,,,,,,,,,,,,,,,,,,,,487737,
[2846],RIFT VOLCANICS,ADEN GULF RIFT / GULF OF TADJOURA,,11.5,12,43,43,SUBAQUATIC,,,s 110-1 [2846],BASALT [2846],,,,,,,,,VOLCANIC ROCK,,,,,WHOLE_ROCK [2846] ,,,,,,,,,,,,,,,,,,,,,,,,,,,,,,,,,,,,,,,,,,,,,,,,,,,,,,,,,,,42.9,,,248,,,49.4,122,,,,,,,,,,,120,,,,,,,,,,,,,,19.8,8.03,,,,,1.45,,0.74,,,,,,,2.73,0.73,,,,,,,,,,,0.61,0.27,,,,,,,,,,,,,,,,,,,,,,,,,487738,
[2846],RIFT VOLCANICS,ADEN GULF RIFT / GULF OF TADJOURA,,11.5,12,43,43,SUBAQUATIC,,,s 110-4 [2846],BASALT [2846],,,,,,,,,VOLCANIC ROCK,,,,,WHOLE_ROCK [2846] ,,,,,,,,,,,,,,,,,,,,,,,,,,,,,,,,,,,,,,,,,,,,,,,,,,,,,,,,,,,,,353,,,,,,,,,,,,,,111,29,81,10,,,,,,,,,,,,,46,5.32,,,9.48,2.94,1.1,3.8,,4.76,,3.02,,2.85,0.45,,,,,,,,,,,,,,,0.513029,,,,,,,,,,,,,,,,,,,,,,,,487739,
[2846],RIFT VOLCANICS,ADEN GULF RIFT / GULF OF TADJOURA,,11.5,12,43,43,SUBAQUATIC,,,s DR1-2 [2846],BASALT [2846],,,,,,,,,VOLCANIC ROCK,,,,,WHOLE_ROCK [2846] ,,,,,,,,,,,,,,,,,,,,,,,,,,,,,,,,,,,,,,,,,,,,,,,,,,,,,,,,,,,42,,,,,,48.3,114,,,,,,,,3.9,,,68,,,,,,,,,,,,,,37.1,5.67,14.14,,9.6,3.08,1.14,4.03,0.69,4.95,,3.14,,3.08,0.44,2.2,0.56,,,,,,,,,,,0.65,0.67,0.512975,,,,,,,,,,,,,,,,,,,,,,,,487740,
[2846],RIFT VOLCANICS,ADEN GULF RIFT / GULF OF TADJOURA,,11.5,12,43,43,SUBAQUATIC,,,s DR1-3GL [2846],BASALT [2846],,,,,,,,,VOLCANIC ROCK,,,,,VOLCANIC GLASS [2846] ,,,,,,,,,,,,,,,,,,,,,,,,,,,,,,,,,,,,,,,,,,,,,,,,,,,,,,,,,,,41.2,,,,,,47.6,107,,,,,,,,4.1,,,106,,,,,,,,,,,,,,38.3,5.82,13.05,,9.58,3.09,1.11,4.14,0.69,4.85,,3.01,,2.97,0.46,2.3,0.57,,,,,,,,,,,0.67,0.16,0.51297,,,,,,,,,,,,,,,,,,,,,,,,487742,
[2846],RIFT VOLCANICS,ADEN GULF RIFT / GULF OF TADJOURA,,11.5,12,43,43,SUBAQUATIC,,,s DR1-4 [2846],BASALT [2846],,,,,,,,,VOLCANIC ROCK,,,,,WHOLE_ROCK [2846] ,,,,,,,,,,,,,,,,,,,,,,,,,,,,,,,,,,,,,,,,,,,,,,,,,,,,,,,,,,,41.8,,354,202,,,49.8,123,,,,,,,,3.3,115,32,87,10,,,,,,,,,,,,,47,5.58,,,,,1.23,,0.67,,,,,,,2.23,0.58,,,,,,,,,,,0.7,0.77,,,,,,,,,,,,,,,,,,,,,,,,,487743,
[2846],RIFT VOLCANICS,ADEN GULF RIFT / GULF OF TADJOURA,,11.5,12,43,43,SUBAQUATIC,,,s DR1-6 [2846],BASALT [2846],,,,,,,,,VOLCANIC ROCK,,,,,WHOLE_ROCK [2846] ,,,,,,,,,,,,,,,,,,,,,,,,,,,,,,,,,,,,,,,,,,,,,,,,,,,,,,,,,,,40,,,188,,,48,119,,,,,,,,4.1,,,88,,,,,,,,,,,,,,39,5.81,,,,,1.24,,0.67,,,,,,,2.27,0.56,,,,,,,,,,,0.68,0.2,,,,,,,,,,,,,,,,,,,,,,,,,487744,
[2846],RIFT VOLCANICS,ADEN GULF RIFT / GULF OF TADJOURA,,11.5,12,43,43,SUBAQUATIC,,,s DR1-7 [2846],BASALT [2846],,,,,,,,,VOLCANIC ROCK,,,,,WHOLE_ROCK [2846] ,,,,,,,,,,,,,,,,,,,,,,,,,,,,,,,,,,,,,,,,,,,,,,,,,,,,,,,,,,,,,356,,,,,,,,,,,,,,112,30,85,10,,,,,,,,,,,,,53,,,,,,,,,,,,,,,,,,,,,,,,,,,,,,,,,,,,,,,,,,,,,,,,,,,,,487745,
[2846],RIFT VOLCANICS,ADEN GULF RIFT / GULF OF TADJOURA,,11.5,12,43,43,SUBAQUATIC,,,s DR1-15 [2846],BASALT [2846],,,,,,,,,VOLCANIC ROCK,,,,,WHOLE_ROCK [2846] ,,,,,,,,,,,,,,,,,,,,,,,,,,,,,,,,,,,,,,,,,,,,,,,,,,,,,,,,,,,,,355,,,,,,,,,,,,,,117,30,85,10,,,,,,,,,,,,,48,,,,,,,,,,,,,,,,,,,,,,,,,,,,,,,,,,,,,,,,,,,,,,,,,,,,,487746,
[2846],RIFT VOLCANICS,ADEN GULF RIFT / GULF OF TADJOURA,,11.5,12,43,43,SUBAQUATIC,,,s ASD5 [2846],BASALT [2846],,,,,,,,,VOLCANIC ROCK,,,,,WHOLE_ROCK [2846] ,,,,,,,,,,,,,,,,,,,,,,,,,,,,,,,,,,,,,,,,,,,,,,,,,,,,,,,,,,,40.3,,,305,,,51.2,192,,,,,,,,,,,75,,,,,,,,,,,,,,,4.5,,,,,1.02,,0.56,,,,,,,1.87,0.39,,,,,,,,,,,0.3,0.19,0.512974,,,,,,,,,,,,,,,,,,,,,,,,487747,
[2846],RIFT VOLCANICS,ADEN GULF RIFT / GULF OF TADJOURA,,11.5,12,43,43,SUBAQUATIC,,,s ASD19 [2846],BASALT [2846],,,,,,,,,VOLCANIC ROCK,,,,,WHOLE_ROCK [2846] ,,,,,,,,,,,,,,,,,,,,,,,,,,,,,,,,,,,,,,,,,,,,,,,,,,,,,,,,,,,43.7,,,382,,,55.4,272,,,,,,,,,,,67,,,,,,,,,,,,,,9,2.76,7.44,,5.88,1.97,0.8,2.86,0.47,3.64,,2.42,,2.3,,1.33,0.23,,,,,,,,,,,0.18,,0.512966,,,,,,,,,,,,,,,,,,,,,,,,487748,
[2846],RIFT VOLCANICS,ADEN GULF RIFT / GULF OF TADJOURA,,11.5,12,43,43,SUBAQUATIC,,,s 113-2 [2846],BASALT [2846],,,,,,,,,VOLCANIC ROCK,,,,,WHOLE_ROCK [2846] ,,,,,,,,,,,,,,,,,,,,,,,,,,,,,,,,,,,,,,,,,,,,,,,,,,,,,,,,,,,38.6,,,237,,,43.6,117,,,,,,,,,,,172,,,,,,,,,,,,,,95,17.5,,,,,2.24,,,,,,,,,3.94,1.65,,,,,,,,,,,0.89,1.38,,,,,,,,,,,,,,,,,,,,,,,,,487751,
[2846],RIFT VOLCANICS,ADEN GULF RIFT / GULF OF TADJOURA,,11.5,12,43,43,SUBAQUATIC,,,s 113-5 [2846],BASALT [2846],,,,,,,,,VOLCANIC ROCK,,,,,WHOLE_ROCK [2846] ,,,,,,,,,,,,,,,,,,,,,,,,,,,,,,,,,,,,,,,,,,,,,,,,,,,,,,,,,,,28.6,,,214,,,39,102,,,,,,,,4.8,,,120,,,,,,,,,,,,,,68.3,9.5,,,,,1.24,,0.52,,,,,,,2.34,0.9,,,,,,,,,,,0.65,3.38,,,,,,,,,,,,,,,,,,,,,,,,,487752,
[2846],RIFT VOLCANICS,ADEN GULF RIFT / GULF OF TADJOURA,,11.5,12,43,43,SUBAQUATIC,,,s 114-1 [2846],BASALT [2846],,,,,,,,,VOLCANIC ROCK,,,,,WHOLE_ROCK [2846] ,,,,,,,,,,,,,,,,,,,,,,,,,,,,,,,,,,,,,,,,,,,,,,,,,,,,,,,,,,,36.7,,,,,,50,125,,,,,,,,3.9,,,245,,,,,,,,,,,,,,120,24.76,59.96,,33.58,7.86,2.61,7.84,1.09,7.49,,4.01,,3.5,0.52,5.2,2.1,,,,,,,,,,,0.96,0.3,0.512927,,,,,,,,,,,,,,,,,,,,,,,,487753,
[2846],RIFT VOLCANICS,ADEN GULF RIFT / GULF OF TADJOURA,,11.5,12,43,43,SUBAQUATIC,,,s 114-3 [2846],BASALT [2846],,,,,,,,,VOLCANIC ROCK,,,,,WHOLE_ROCK [2846] ,,,,,,,,,,,,,,,,,,,,,,,,,,,,,,,,,,,,,,,,,,,,,,,,,,,,,,,,,,,37.9,,,222,,,49.8,114,,,,,,,,4.4,,,234,,,,,,,,,,,,,,103,23.4,,,,,3.01,,1.09,,,,,,,5.26,2.19,,,,,,,,,,,0.95,0.46,,,,,,,,,,,,,,,,,,,,,,,,,487754,
[2846],RIFT VOLCANICS,ADEN GULF RIFT / GULF OF TADJOURA,,11.5,12,43,43,SUBAQUATIC,,,s 114-4 [2846],BASALT [2846],,,,,,,,,VOLCANIC ROCK,,,,,WHOLE_ROCK [2846] ,,,,,,,,,,,,,,,,,,,,,,,,,,,,,,,,,,,,,,,,,,,,,,,,,,,,,,,,,,,37.1,,341,241,,,49.5,127,,,,,,,,2.9,329,36,219,28,,,,,,,,,,,,,102,23.9,,,,,2.77,,1.12,,,,,,,5.46,2.16,,,,,,,,,,,0.94,0.42,,,,,,,,,,,,,,,,,,,,,,,,,487755,
[2846],RIFT VOLCANICS,ADEN GULF RIFT / GULF OF TADJOURA,,11.5,12,43,43,SUBAQUATIC,,,s 114-5 [2846],BASALT [2846],,,,,,,,,VOLCANIC ROCK,,,,,WHOLE_ROCK [2846] ,,,,,,,,,,,,,,,,,,,,,,,,,,,,,,,,,,,,,,,,,,,,,,,,,,,,,,,,,,,36.4,,,248,,,51.1,137,,,,,,,,3.9,,,251,,,,,,,,,,,,,,102,22.63,53.49,,32.31,7.46,2.47,7.5,1.04,7.04,,3.78,,3.02,0.48,5.13,2.07,,,,,,,,,,,0.85,0.35,0.512957,,,,,,,,,,,,,,,,,,,,,,,,487756,
[2846],RIFT VOLCANICS,ADEN GULF RIFT / GULF OF TADJOURA,,11.5,12,43,43,SUBAQUATIC,,,s 115-9 [2846],BASALT [2846],,,,,,,,,VOLCANIC ROCK,,,,,WHOLE_ROCK [2846] ,,,,,,,,,,,,,,,,,,,,,,,,,,,,,,,,,,,,,,,,,,,,,,,,,,,,,,,,,,,39.4,,,254,,,46.9,108,,,,,,,,,,,156,,,,,,,,,,,,,,79.1,14.6,,,,,1.73,,0.77,,,,,,,3.4,1.28,,,,,,,,,,,0.93,0.78,,,,,,,,,,,,,,,,,,,,,,,,,487757,
[2846],RIFT VOLCANICS,ADEN GULF RIFT / GULF OF TADJOURA,,11.5,12,43,43,SUBAQUATIC,,,s 115-10 [2846],BASALT [2846],,,,,,,,,VOLCANIC ROCK,,,,,WHOLE_ROCK [2846] ,,,,,,,,,,,,,,,,,,,,,,,,,,,,,,,,,,,,,,,,,,,,,,,,,,,,,,,,,,,29.4,,,2,,,35.2,20,,,,,,,,16.1,,,319,,,,,,,,,,,,,,583,33.4,,,,,3.01,,1.15,,,,,,,7.16,1.87,,,,,,,,,,,3.53,0.76,,,,,,,,,,,,,,,,,,,,,,,,,487758,
[2846],RIFT VOLCANICS,ADEN GULF RIFT / GULF OF TADJOURA,,11.5,12,43,43,SUBAQUATIC,,,s 116-3 [2846],BASALT [2846],,,,,,,,,VOLCANIC ROCK,,,,,WHOLE_ROCK [2846] ,,,,,,,,,,,,,,,,,,,,,,,,,,,,,,,,,,,,,,,,,,,,,,,,,,,,,,,,,,,36.9,,,149,,,51.3,110,,,,,,,,3.6,,,244,,,,,,,,,,,,,,102,20.1,,,,,2.71,,1.08,,,,,,,5.18,2,,,,,,,,,,,0.67,0.22,,,,,,,,,,,,,,,,,,,,,,,,,487759,
[2846],RIFT VOLCANICS,ADEN GULF RIFT / GULF OF TADJOURA,,11.5,12,43,43,SUBAQUATIC,,,s 116-4 [2846],BASALT [2846],,,,,,,,,VOLCANIC ROCK,,,,,WHOLE_ROCK [2846] ,,,,,,,,,,,,,,,,,,,,,,,,,,,,,,,,,,,,,,,,,,,,,,,,,,,,,,,,,,,38.2,,372,,,,49.2,92,,,,,,,,4.2,374,34,172,23,,,,,,,,,,,,,93,22.51,55.92,,33.16,7.92,2.73,8.2,1.16,7.74,,4.14,,3.6,0.53,5.4,2.19,,,,,,,,,,,0.74,0.23,0.512888,,,,,,,,,,,,,,,,,,,,,,,,487760,
[2846],RIFT VOLCANICS,ADEN GULF RIFT / GULF OF TADJOURA,,11.5,12,43,43,SUBAQUATIC,,,s 116-5 [2846],BASALT [2846],,,,,,,,,VOLCANIC ROCK,,,,,WHOLE_ROCK [2846] ,,,,,,,,,,,,,,,,,,,,,,,,,,,,,,,,,,,,,,,,,,,,,,,,,,,,,,,,,,,35.2,,,,,,55.2,156,,,,,,,,2.7,,,215,,,,,,,,,,,,,,84,16.81,42.65,,26.95,6.63,2.33,6.97,0.95,6.57,,3.54,,3.17,0.47,4.2,1.66,,,,,,,,,,,0.58,0.24,0.512894,,,,,,,,,,,,,,,,,,,,,,,,487761,
[2846],RIFT VOLCANICS,ADEN GULF RIFT / GULF OF TADJOURA,,11.5,12,43,43,SUBAQUATIC,,,s 117-3 [2846],BASALT [2846],,,,,,,,,VOLCANIC ROCK,,,,,WHOLE_ROCK [2846] ,,,,,,,,,,,,,,,,,,,,,,,,,,,,,,,,,,,,,,,,,,,,,,,,,,,,,,,,,,,34.4,,373,566,,,71.6,274,,,,,,,,1.2,399,32,170,23,,,,,,,,,,,,,60,18.7,,,,,2.32,,0.94,,,,,,,4.42,1.74,,,,,,,,,,,0.8,0.55,,,,,,,,,,,,,,,,,,,,,,,,,487762,
[2846],RIFT VOLCANICS,ADEN GULF RIFT / GULF OF TADJOURA,,11.5,12,43,43,SUBAQUATIC,,,s 117-6 [2846],BASALT [2846],,,,,,,,,VOLCANIC ROCK,,,,,WHOLE_ROCK [2846] ,,,,,,,,,,,,,,,,,,,,,,,,,,,,,,,,,,,,,,,,,,,,,,,,,,,,,,,,,,,35.1,,,212,,,46.6,132,,,,,,,,2.3,,,200,,,,,,,,,,,,,,64,16.99,42.07,,26.01,6.58,2.15,6.21,0.88,5.83,,3.1,,2.61,,4.04,1.61,,,,,,,,,,,0.76,2.08,0.512912,,,,,,,,,,,,,,,,,,,,,,,,487763,
[2846],RIFT VOLCANICS,ADEN GULF RIFT / GULF OF TADJOURA,,11.5,12,43,43,SUBAQUATIC,,,s 117-9 [2846],BASALT [2846],,,,,,,,,VOLCANIC ROCK,,,,,WHOLE_ROCK [2846] ,,,,,,,,,,,,,,,,,,,,,,,,,,,,,,,,,,,,,,,,,,,,,,,,,,,,,,,,,,,39.4,,,193,,,48.9,91,,,,,,,,2.9,,,276,,,,,,,,,,,,,,98.6,22.9,,,,,3.18,,1.17,,,,,,,5.49,2.3,,,,,,,,,,,0.85,0.7,,,,,,,,,,,,,,,,,,,,,,,,,487764,
[2846],RIFT VOLCANICS,ADEN GULF RIFT / GULF OF TADJOURA,,11.5,12,43,43,SUBAQUATIC,,,s DR2-1 [2846],BASALT [2846],,,,,,,,,VOLCANIC ROCK,,,,,WHOLE_ROCK [2846] ,,,,,,,,,,,,,,,,,,,,,,,,,,,,,,,,,,,,,,,,,,,,,,,,,,,,,,,,,,,38.3,,,197,,,51.6,113,,,,,,,,3.3,,,281,,,,,,,,,,,,,,109,25,,,,,2.63,,1.12,,,,,,,5.75,2.19,,,,,,,,,,,0.84,0.3,,,,,,,,,,,,,,,,,,,,,,,,,487765,
[2846],RIFT VOLCANICS,ADEN GULF RIFT / GULF OF TADJOURA,,11.5,12,43,43,SUBAQUATIC,,,s 119-2 [2846],BASALT [2846],,,,,,,,,VOLCANIC ROCK,,,,,WHOLE_ROCK [2846] ,,,,,,,,,,,,,,,,,,,,,,,,,,,,,,,,,,,,,,,,,,,,,,,,,,,,,,,,,,,28.7,,,252,,,52.6,202,,,,,,,,4.7,,,229,,,,,,,,,,,,,,73.4,20.3,,,,,2.49,,1,,,,,,,4.96,2.2,,,,,,,,,,,0.83,2.37,,,,,,,,,,,,,,,,,,,,,,,,,487766,
[2846],RIFT VOLCANICS,ADEN GULF RIFT / GULF OF TADJOURA,,11.5,12,43,43,SUBAQUATIC,,,s 122-1 [2846],BASALT [2846],,,,,,,,,VOLCANIC ROCK,,,,,WHOLE_ROCK [2846] ,,,,,,,,,,,,,,,,,,,,,,,,,,,,,,,,,,,,,,,,,,,,,,,,,,,,,,,,,,,40.3,,,,,,42.6,104,,,,,,,,3.8,,,309,,,,,,,,,,,,,,165,27.9,,,,,3,,1.25,,,,,,,5.7,2.57,,,,,,,,,,,1,0.28,0.512876,,,,,,,,,,,,,,,,,,,,,,,,487767,
[2846],RIFT VOLCANICS,ADEN GULF RIFT / GULF OF TADJOURA,,11.5,12,43,43,SUBAQUATIC,,,s 124-3 [2846],BASALT [2846],,,,,,,,,VOLCANIC ROCK,,,,,WHOLE_ROCK [2846] ,,,,,,,,,,,,,,,,,,,,,,,,,,,,,,,,,,,,,,,,,,,,,,,,,,,,,,,,,,,37.9,,,,,,50,113,,,,,,,,2.3,,,223,,,,,,,,,,,,,,105,16.71,43.62,,29.98,7.22,2.59,7.38,1.05,6.85,,3.52,,3.02,0.43,4.4,2.04,,,,,,,,,,,0.63,0.21,0.512883,,,,,,,,,,,,,,,,,,,,,,,,487770,
[2846],RIFT VOLCANICS,ADEN GULF RIFT / GULF OF TADJOURA,,11.5,12,43,43,SUBAQUATIC,,,s 124-4 [2846],BASALT [2846],,,,,,,,,VOLCANIC ROCK,,,,,WHOLE_ROCK [2846] ,,,,,,,,,,,,,,,,,,,,,,,,,,,,,,,,,,,,,,,,,,,,,,,,,,,,,,,,,,,36.6,,,193,,,50.2,114,,,,,,,,2.3,,,168,,,,,,,,,,,,,,94.5,12.3,,,,,2.45,,0.9,,,,,,,4.05,1.72,,,,,,,,,,,0.66,0.26,,,,,,,,,,,,,,,,,,,,,,,,,487771,
[2846],RIFT VOLCANICS,ADEN GULF RIFT / GULF OF TADJOURA,,11.5,12,43,43,SUBAQUATIC,,,s 124-5 [2846],BASALT [2846],,,,,,,,,VOLCANIC ROCK,,,,,WHOLE_ROCK [2846] ,,,,,,,,,,,,,,,,,,,,,,,,,,,,,,,,,,,,,,,,,,,,,,,,,,,,,,,,,,,38.9,,,,,,49.6,107,,,,,,,,3.6,,,218,,,,,,,,,,,,,,113,16.97,44.36,,29.67,7.46,2.71,7.66,1.09,7.03,,3.56,,3.04,0.45,4.4,2.1,,,,,,,,,,,0.62,0.15,0.512905,,,,,,,,,,,,,,,,,,,,,,,,487772,
[2846],RIFT VOLCANICS,ADEN GULF RIFT / ASAL RIFT,,11.5,12,42.5,42.5,SUBAQUATIC,,,s 120-1 [2846],BASALT [2846],,,,,,,,,VOLCANIC ROCK,,,,,WHOLE_ROCK [2846] ,,,,,,,,,,,,,,,,,,,,,,,,,,,,,,,,,,,,,,,,,,,,,,,,,,,,,,,,,,,32.6,,,,,,48.5,169,,,,,,,,4.3,,,178,,,,,,,,,,,,,,188,16.74,41.5,,26.37,6.17,2.23,6.33,0.85,5.3,,2.63,,2.12,0.31,4.1,1.65,,,,,,,,,,,0.83,0.19,0.512872,,,,,,,,,,,,,,,,,,,,,,,,487773,
[2846],RIFT VOLCANICS,ADEN GULF RIFT / ASAL RIFT,,11.5,12,42.5,42.5,SUBAQUATIC,,,s 127-1 [2846],BASALT [2846],,,,,,,,,VOLCANIC ROCK,,,,,WHOLE_ROCK [2846] ,,,,,,,,,,,,,,,,,,,,,,,,,,,,,,,,,,,,,,,,,,,,,,,,,,,,,,,,,,,23.4,,211,130,,,30.6,69,,,,,,,,4.7,421,16,91,11,,,,,,,,,,,,,67,6.16,,,,,0.86,,0.38,,,,,,,1.5,0.52,,,,,,,,,,,0.77,4.48,,,,,,,,,,,,,,,,,,,,,,,,,487774,
[2846],RIFT VOLCANICS,ADEN GULF RIFT / ASAL RIFT,,11.5,12,42.5,42.5,SUBAQUATIC,,,s LG1 [2846],BASALT [2846],,,,,,,,,VOLCANIC ROCK,,,,,WHOLE_ROCK [2846] ,,,,,,,,,,,,,,,,,,,,,,,,,,,,,,,,,,,,,,,,,,,,,,,,,,,,,,,,,,,28.2,,,,,,34.5,73,,,,,,,,2.3,,,104,,,,,,,,,,,,,,78,6.98,17.68,,11.86,3.05,1.18,3.21,0.47,3.15,,1.77,,1.44,,2,0.73,,,,,,,,,,,0.46,0.18,0.512946,,,,,,,,,,,,,,,,,,,,,,,,487775,
[2846],RIFT VOLCANICS,ADEN GULF RIFT / ASAL RIFT,,11.5,12,42.5,42.5,SUBAQUATIC,,,s LG2 [2846],BASALT [2846],,,,,,,,,VOLCANIC ROCK,,,,,WHOLE_ROCK [2846] ,,,,,,,,,,,,,,,,,,,,,,,,,,,,,,,,,,,,,,,,,,,,,,,,,,,,,,,,,,,43.4,,377,229,,,47.4,92,,,,,,,,3.7,330,32,133,19,,,,,,,,,,,,,155,9.62,,,,,1.93,,0.74,,,,,,,3.21,1.15,,,,,,,,,,,0.68,0.19,,,,,,,,,,,,,,,,,,,,,,,,,487776,
[2846],RIFT VOLCANICS,ADEN GULF RIFT / ASAL RIFT,,11.5,12,42.5,42.5,SUBAQUATIC,,,s LG3 [2846],BASALT [2846],,,,,,,,,VOLCANIC ROCK,,,,,WHOLE_ROCK [2846] ,,,,,,,,,,,,,,,,,,,,,,,,,,,,,,,,,,,,,,,,,,,,,,,,,,,,,,,,,,,38.4,,,7,,,47.3,43,,,,,,,,7.3,,,134,,,,,,,,,,,,,,146,13.8,,,,,1.86,,0.81,,,,,,,3.38,1.31,,,,,,,,,,,1.19,0.49,0.512936,,,,,,,,,,,,,,,,,,,,,,,,487777,
[2846],RIFT VOLCANICS,ADEN GULF RIFT / ASAL RIFT,,11.5,12,42.5,42.5,SUBAQUATIC,,,s GH1 [2846],BASALT [2846],,,,,,,,,VOLCANIC ROCK,,,,,WHOLE_ROCK [2846] ,,,,,,,,,,,,,,,,,,,,,,,,,,,,,,,,,,,,,,,,,,,,,,,,,,,,,,,,,,,34.4,,,379,,,52.8,196,,,,,,,,6.9,,,180,,,,,,,,,,,,,,177,15.9,,,,,2.12,,0.81,,,,,,,4.05,1.66,,,,,,,,,,,1.08,0.24,,,,,,,,,,,,,,,,,,,,,,,,,487779,
[2846],RIFT VOLCANICS,ADEN GULF RIFT / ASAL RIFT,,11.5,12,42.5,42.5,SUBAQUATIC,,,s GH2 [2846],BASALT [2846],,,,,,,,,VOLCANIC ROCK,,,,,WHOLE_ROCK [2846] ,,,,,,,,,,,,,,,,,,,,,,,,,,,,,,,,,,,,,,,,,,,,,,,,,,,,,,,,,,,34.5,,,,,,50.4,168,,,,,,,,6,,,171,,,,,,,,,,,,,,178,15.5,,,,,2,,0.8,,,,,,,3.9,1.62,,,,,,,,,,,1.02,0.24,0.512923,,,,,,,,,,,,,,,,,,,,,,,,487780,
[2846],RIFT VOLCANICS,ADEN GULF RIFT / ASAL RIFT,,11.5,12,42.5,42.5,SUBAQUATIC,,,s GH2 [2846],BASALT [2846],,,,,,,,,VOLCANIC ROCK,,,,,WHOLE_ROCK [2846] ,,,,,,,,,,,,,,,,,,,,,,,,,,,,,,,,,,,,,,,,,,,,,,,,,,,,,,,,,,,,,,,,,,,,,,,,,,,,,,,,,,,,,,,,,,,,,,,,,,,,,,,,,,,,,,,,,,,,,,,,0.512916,,,,,,,,,,,,,,,,,,,,,,,,487781,
[2846],RIFT VOLCANICS,ADEN GULF RIFT / ASAL RIFT,,11.5,12,42.5,42.5,SUBAQUATIC,,,s GH3 [2846],BASALT [2846],,,,,,,,,VOLCANIC ROCK,,,,,WHOLE_ROCK [2846] ,,,,,,,,,,,,,,,,,,,,,,,,,,,,,,,,,,,,,,,,,,,,,,,,,,,,,,,,,,,35.5,,353,307,,,51,163,,,,,,,,4.4,491,27,161,21,,,,,,,,,,,,,180,15.74,38.48,,24.09,5.69,2.03,5.68,0.81,5.28,,2.71,,2.21,0.33,3.94,1.68,,,,,,,,,,,1.1,0.32,0.512924,,,,,,,,,,,,,,,,,,,,,,,,487782,