Citations,Tectonic Setting,Location,Location Comment,Latitude (Min),Latitude (Max),Longitude (Min),Longitude (Max),Land or Sea,Elevation (Min),Elevation (Max),Sample Name,Rock Name,"Age (a, Min)","Age (a, Max)",Geol,Age,Eruption Day,Eruption Month,Eruption Year,Rock Texture,Rock Type,Drill Depth (Min),Drill Depth (Max),Alteration,Mineral,Material,Si,Ti,B,Al,Cr,Fe3+,Fe2+,Fetot(2+),Ca,Mg,Mn,Ni,K,Na,P,H2O,H2OP,H2OM,H2Otot,CO2,CO,F,Cl,Cl2,OH,CH4,SO2,SO3,SO4,S,LOI,Volatiles,O,Others,HE(CCM/G),HE(CCMSTP/G),HE3(CCMSTP/G),HE3(AT/G),HE4(CCM/G),HE4(CCMSTP/G),HE4(AT/G),HE4(MOLE/G),HE4(NCC/G),HE(NCC/G),Li,Be,B,C,CO2,F,Na,Mg,Al,P,S,Cl,K,Ca,Sc,Ti,V,Cr,Mn,Fe,Co,Ni,Cu,Zn,Ga,Ge,As,Se,Br,Rb,Sr,Y,Zr,Nb,Mo,Ru,Rh,Pd,Ag,Cd,In,Sn,Sb,Te,I,Cs,Ba,La,Ce,Pr,Nd,Sm,Eu,Gd,Tb,Dy,Ho,Er,Tm,Yb,Lu,Hf,Ta,W,Re,Os,Ir,Pt,Au,Hg,Tl,Pb,Bi,Th,U,Nd143/Nd144,Nd143/Nd144 initial,e Nd,Sr87/Sr86,SR87_SR86_INI,PB206_PB204,PB206_PB204_INI,PB207_PB204,PB207_PB204_INI,PB208_PB204,PB208_PB204_INI,OS184_OS188,OS186_OS188,OS187_OS186,OS187_OS188,RE187_OS186,RE187_OS188,HF176_HF177,HE3_HE4,HE3_HE4(R/R(A)),HE4_HE3,HE4_HE3(R/R(A)),K40_AR40,AR40_K40,Unique Id,
[3822],RIFT VOLCANICS,MEXICAN BASIN AND RANGE / WESTERN MEXICAN BASIN AND RANGE (GULF EXTENSIONAL PROVINCE) / BAJA CALIFORNIA / SAN QUINTIN VOLCANIC FIELD-CENIZA / PACIFIC OCEAN,UNIT CDL,30.459,30.459,-115.97,-115.97,SUBAERIAL,,,s BCN-4 [3822],NOT GIVEN [3822],,,,,,,,,VOLCANIC ROCK,,,,,WHOLE_ROCK [3822] ,224415.5435,13545.083999999997,,83251.1823,,27206.66,51379.530000000006,,67110.33,52404.17599999999,1239.1328,,12369.235,24852.2095,2313.0313,,,,,,,,,,,,,,,,-2200.,,,,,,,,,,,,,,,,,,,,,,,,,,,,26.2,,218,241,,,44.5,156,39,68,,,,,0.9,28,504,28,229,45,,,,,,,,,0.11,,,0.38,334,28.5,57.1,,32,6.27,1.99,,0.87,,,,,2.24,0.314,4.91,2.71,,,,,,,,,2.51,,3.68,1,0.512927,,,0.703321,,19.154,,15.605,,38.872,,,,,,,,,,,,,,,103024,
[3822],RIFT VOLCANICS,MEXICAN BASIN AND RANGE / WESTERN MEXICAN BASIN AND RANGE (GULF EXTENSIONAL PROVINCE) / BAJA CALIFORNIA / SAN QUINTIN VOLCANIC FIELD-CENIZA / PACIFIC OCEAN,UNIT CUL,30.454,30.454,-115.98,-115.98,SUBAERIAL,,,s BCN-76 [3822],NOT GIVEN [3822],,,,,,,,,VOLCANIC ROCK,,,,,WHOLE_ROCK [3822] ,225958.07900000003,14444.094,,82510.23090000001,,17205.239999999998,64360.439999999995,,67396.20999999999,51680.528,1316.5786,,12701.295,23961.981099999997,2618.526,,,,,,,,,,,,,,,,-3900.,,,,,,,,,,,,,,,,,,,,,,,,,,,,27.2,,208,224,,,45.7,136,54,66,,,,,0.8,28,515,28,200,44,,,,,,,,,0.17,,,0.42,334,29.6,59.9,,30,6.55,2.14,,0.92,,,,,2.4,0.351,5.17,2.74,,,,,,,,,2.64,,3.73,1.02,0.512935,,,0.703359,,19.142,,15.614,,38.895,,,,,,,,,,,,,,,103025,
[3822],RIFT VOLCANICS,MEXICAN BASIN AND RANGE / WESTERN MEXICAN BASIN AND RANGE (GULF EXTENSIONAL PROVINCE) / BAJA CALIFORNIA / SAN QUINTIN VOLCANIC FIELD-KENTON / PACIFIC OCEAN,KUT UNIT,30.454,30.454,-115.982,-115.982,SUBAERIAL,,,s BCN-83 [3822],NOT GIVEN [3822],,,,,,,,,VOLCANIC ROCK,,,,,WHOLE_ROCK [3822] ,217544.249,17500.728,,80816.6277,,26856.96,61018.049999999996,,68253.85,48062.28799999999,1394.0244,,15440.79,22775.009899999997,2749.4523,,,,,,,,,,,,,,,,1400.0000000000002,,,,,,,,,,,,,,,,,,,,,,,,,,,,22.8,,220,169,,,44,122,37,82,,,,,1.5,30,611,30,223,53,,,,,,,,,0.1,,,0.46,464,33.9,69.3,,33,7.86,2.5,,1.11,,,,,2.54,0.372,5.82,3.08,,,,,,,,,,,3.75,1.07,,,,,,,,,,,,,,,,,,,,,,,,,103026,
[3822],RIFT VOLCANICS,MEXICAN BASIN AND RANGE / WESTERN MEXICAN BASIN AND RANGE (GULF EXTENSIONAL PROVINCE) / BAJA CALIFORNIA / SAN QUINTIN VOLCANIC FIELD-KENTON / PACIFIC OCEAN,KUT UNIT,30.463,30.463,-115.99,-115.99,SUBAERIAL,,,s BCN-84 [3822],NOT GIVEN [3822],,,,,,,,,VOLCANIC ROCK,,,,,WHOLE_ROCK [3822] ,221377.21600000001,15642.773999999998,,81822.20460000001,,29164.98,49436.280000000006,,66752.98,51258.399999999994,1316.5786,,14278.58,22255.71,2967.6628,,,,,,,,,,,,,,,,4800.,,,,,,,,,,,,,,,,,,,,,,,,,,,,24.3,,215,224,,,44.1,159,38,69,,,,,1.5,31,574,30,213,60,,,,,,,,,0.08,,,0.37,387,33,67.3,,35,7.45,2.37,,1.01,,,,,2.57,0.371,5.4,3.2,,,,,,,,,2.61,,3.72,1.05,0.512943,,,0.703277,,19.252,,15.615,,38.996,,,,,,,,,,,,,,,103027,
[3822],RIFT VOLCANICS,MEXICAN BASIN AND RANGE / WESTERN MEXICAN BASIN AND RANGE (GULF EXTENSIONAL PROVINCE) / BAJA CALIFORNIA / SAN QUINTIN VOLCANIC FIELD-KENTON / PACIFIC OCEAN,KBL UNIT,30.4833,30.4833,-115.95,-115.95,SUBAERIAL,,,s BCN-5 [3822],NOT GIVEN [3822],,,,,,,,,VOLCANIC ROCK,,,,,WHOLE_ROCK [3822] ,214365.69100000002,18160.001999999997,,81292.9536,,30284.02,58375.229999999996,,65609.45999999999,50836.272,1394.0244,,14361.595,25964.995,2400.3155,,,,,,,,,,,,,,,,200.,,,,,,,,,,,,,,,,,,,,,,,,,,,,24.9,,218,189,,,47.8,133,29,69,,,,,1.1,30,592,31,245,41,,,,,,,,,0.1,,,0.38,385,33.1,68.6,,37,7.94,2.52,,1.12,,,,,2.69,0.372,5.79,2.98,,,,,,,,,2.14,,3.7,1.3,0.512919,,,0.703237,,19.282,,15.612,,39.021,,,,,,,,,,,,,,,103028,
[3822],RIFT VOLCANICS,MEXICAN BASIN AND RANGE / WESTERN MEXICAN BASIN AND RANGE (GULF EXTENSIONAL PROVINCE) / BAJA CALIFORNIA / SAN QUINTIN VOLCANIC FIELD-KENTON / PACIFIC OCEAN,KBL UNIT,30.463,30.463,-116.008,-116.008,SUBAERIAL,,,s BCN-7 [3822],NOT GIVEN [3822],,,,,,,,,VOLCANIC ROCK,,,,,WHOLE_ROCK [3822] ,220442.346,16002.377999999999,,84891.8604,,15107.04,63738.59999999999,,66181.22,50775.96799999999,1316.5786,,14693.655,27151.9662,2443.9576,,,,,,,,,,,,,,,,-1900.,,,,,,,,,,,,,,,,,,,,,,,,,,,,24.8,,204,221,,,43.8,140,47,64,,,,,1.1,32,580,29,245,56,,,,,,,,,0,,,0.37,420,33.7,68.4,,29,7.51,2.38,,1.01,,,,,2.56,0.379,5.55,3.27,,,,,,,,,2.45,,4.02,1.27,,,,0.703253,,19.234,,15.605,,38.954,,,,,,,,,,,,,,,103029,
[3822],RIFT VOLCANICS,MEXICAN BASIN AND RANGE / WESTERN MEXICAN BASIN AND RANGE (GULF EXTENSIONAL PROVINCE) / BAJA CALIFORNIA / SAN QUINTIN VOLCANIC FIELD-KENTON / PACIFIC OCEAN,KUL UNIT,30.467,30.467,-115.988,-115.988,SUBAERIAL,,,s BCN-75 [3822],NOT GIVEN [3822],,,,,,,,,VOLCANIC ROCK,,,,,WHOLE_ROCK [3822] ,213337.33400000003,18219.935999999998,,80816.6277,,42243.76,46327.08,,67825.03,50956.87999999999,1394.0244,,14527.625,24555.4667,2749.4523,,,,,,,,,,,,,,,,1300.,,,,,,,,,,,,,,,,,,,,,,,,,,,,25.7,,237,191,,,47.5,124,35,63,,,,,0,28,579,32,201,44,,,,,,,,,0.1,,,0.33,389,31.7,65.2,,30,7.71,2.44,,1.08,,,,,2.58,0.369,5.48,2.96,,,,,,,,,2.37,,3.34,1.19,0.512936,,,0.703282,,19.29,,15.627,,39.075,,,,,,,,,,,,,,,103030,
[3822],RIFT VOLCANICS,MEXICAN BASIN AND RANGE / WESTERN MEXICAN BASIN AND RANGE (GULF EXTENSIONAL PROVINCE) / BAJA CALIFORNIA / SAN QUINTIN VOLCANIC FIELD-KENTON / PACIFIC OCEAN,KDL UNIT,30.459,30.459,-116.025,-116.025,SUBAERIAL,,,s BCN-15 [3822],NOT GIVEN [3822],,,,,,,,,VOLCANIC ROCK,,,,,WHOLE_ROCK [3822] ,218619.34950000004,15403.037999999999,,82986.5568,,10910.640000000001,63894.060000000005,,65823.87000000001,51499.615999999995,1239.1328,,14361.595,27374.523299999997,2531.2418,,,,,,,,,,,,,,,,-5500.,,,,,,,,,,,,,,,,,,,,,,,,,,,,25.6,,205,261,,,45.1,177,47,66,,,,,1.1,35,574,30,251,51,,,,,,,,,0.07,,,0.35,403,34.4,69.3,,29,7.43,2.35,,1,,,,,2.68,0.371,5.57,3.29,,,,,,,,,2.32,,4.12,1.1,0.512951,,,0.703215,,19.295,,15.67,,39.185,,,,,,,,,,,,,,,103031,
[3822],RIFT VOLCANICS,MEXICAN BASIN AND RANGE / WESTERN MEXICAN BASIN AND RANGE (GULF EXTENSIONAL PROVINCE) / BAJA CALIFORNIA / SAN QUINTIN VOLCANIC FIELD-RIVEROLI / PACIFIC OCEAN,UNIT RBL,30.484,30.484,-116.017,-116.017,SUBAERIAL,,,s BCN-23 [3822],NOT GIVEN [3822],,,,,,,,,VOLCANIC ROCK,,,,,WHOLE_ROCK [3822] ,222639.29050000003,14084.49,,82563.156,,25667.98,48348.06,,59391.57000000001,50414.14399999999,1239.1328,,15025.715,28561.4945,2836.7365,,,,,,,,,,,,,,,,-3200.,,,,,,,,,,,,,,,,,,,,,,,,,,,,22.1,,188,267,,,42.9,181,34,63,,,,,0.9,35,558,30,282,60,,,,,,,,,0.08,,,0.53,412,35.2,70.7,,32,7.24,2.25,,0.98,,,,,2.45,0.357,5.96,3.3,,,,,,,,,,,4.44,1.41,,,,,,,,,,,,,,,,,,,,,,,,,103032,
[3822],RIFT VOLCANICS,MEXICAN BASIN AND RANGE / WESTERN MEXICAN BASIN AND RANGE (GULF EXTENSIONAL PROVINCE) / BAJA CALIFORNIA / SAN QUINTIN VOLCANIC FIELD-RIVEROLI / PACIFIC OCEAN,RC UNIT,30.485,30.485,-116.02,-116.02,SUBAERIAL,,,s BCN-29 [3822],NOT GIVEN [3822],,,,,,,,,VOLCANIC ROCK,,,,,WHOLE_ROCK [3822] ,225350.41350000002,13964.622,,82086.8301,,16156.140000000001,60940.32,,60749.5,55962.111999999994,1316.5786,,14361.595,27151.9662,2443.9576,,,,,,,,,,,,,,,,-1000.,,,,,,,,,,,,,,,,,,,,,,,,,,,,23.1,,197,306,,,45.4,217,40,84,,,,,1.4,34,559,30,251,48,,,,,,,,,0.09,,,0.46,369,33.8,68.3,,35,7.01,2.18,,0.94,,,,,2.46,0.361,5.67,3.03,,,,,,,,,2.73,,4.34,1.37,0.512923,,,0.703293,,19.291,,15.613,,39.067,,,,,,,,,,,,,,,103033,
[3822],RIFT VOLCANICS,MEXICAN BASIN AND RANGE / WESTERN MEXICAN BASIN AND RANGE (GULF EXTENSIONAL PROVINCE) / BAJA CALIFORNIA / SAN QUINTIN VOLCANIC FIELD-RIVEROLI / PACIFIC OCEAN,UNIT RCL,30.493,30.493,-116.018,-116.018,SUBAERIAL,,,s BCN-67 [3822],NOT GIVEN [3822],,,,,,,,,VOLCANIC ROCK,,,,,WHOLE_ROCK [3822] ,224696.0045,13904.687999999998,,82298.53050000001,,20142.719999999998,58219.770000000004,,60535.090000000004,54273.6,1316.5786,,14693.655,26039.180699999997,3054.9469999999997,,,,,,,,,,,,,,,,-1600.,,,,,,,,,,,,,,,,,,,,,,,,,,,,22.8,,183,291,,,44.4,188,45,30,,,,,0,32,566,29,234,55,,,,,,,,,0.11,,,0.39,402,34.9,70,,38,6.99,2.24,,1.03,,,,,2.38,0.37,6.03,3.2,,,,,,,,,,,4.24,0.93,,,,,,,,,,,,,,,,,,,,,,,,,103034,
[3822],RIFT VOLCANICS,MEXICAN BASIN AND RANGE / WESTERN MEXICAN BASIN AND RANGE (GULF EXTENSIONAL PROVINCE) / BAJA CALIFORNIA / SAN QUINTIN VOLCANIC FIELD-BASU / PACIFIC OCEAN,BAL UNIT,30.473,30.473,-116.021,-116.021,SUBAERIAL,,,s BCN-11 [3822],NOT GIVEN [3822],,,,,,,,,VOLCANIC ROCK,,,,,WHOLE_ROCK [3822] ,229230.124,13305.348,,83251.1823,,9791.599999999999,67003.26,,56675.71,44624.96,1239.1328,,14610.64,29303.3515,2793.0944,,,,,,,,,,,,,,,,-4000.,,,,,,,,,,,,,,,,,,,,,,,,,,,,20.7,,162,222,,,42.1,135,37,73,,,,,1.2,33,538,30,277,52,,,,,,,,,0,,,0.28,399,33.7,66.2,,28,6.99,2.21,,1,,,,,2.59,0.373,6.3,3.01,,,,,,,,,,,4.38,1.44,,,,,,,,,,,,,,,,,,,,,,,,,103035,
[3822],RIFT VOLCANICS,MEXICAN BASIN AND RANGE / WESTERN MEXICAN BASIN AND RANGE (GULF EXTENSIONAL PROVINCE) / BAJA CALIFORNIA / SAN QUINTIN VOLCANIC FIELD-BASU / PACIFIC OCEAN,BBL UNIT,30.479,30.479,-116.025,-116.025,SUBAERIAL,,,s BCN-16 [3822],NOT GIVEN [3822],,,,,,,,,VOLCANIC ROCK,,,,,WHOLE_ROCK [3822] ,222499.06000000003,15283.169999999998,,82351.4556,,15736.5,62805.840000000004,,57390.409999999996,48665.328,1316.5786,,15108.730000000001,30119.394199999995,2924.0207,,,,,,,,,,,,,,,,-5699.999999999999,,,,,,,,,,,,,,,,,,,,,,,,,,,,21.4,,169,252,,,43.7,174,31,70,,,,,0.7,32,600,31,280,51,,,,,,,,,0.1,,,0.53,393,37.1,75.1,,37,7.87,2.48,,1.04,,,,,2.66,0.392,6.48,3.31,,,,,,,,,2.98,,4.62,1.43,0.512914,,,0.703249,,19.228,,15.616,,38.957,,,,,,,,,,,,,,,103036,
[3822],RIFT VOLCANICS,MEXICAN BASIN AND RANGE / WESTERN MEXICAN BASIN AND RANGE (GULF EXTENSIONAL PROVINCE) / BAJA CALIFORNIA / SAN QUINTIN VOLCANIC FIELD-SUDOESTE / PACIFIC OCEAN,SX UNIT,30.45,30.45,-116.033,-116.033,SUBAERIAL,,,s BCN-17 [3822],NOT GIVEN [3822],,,,,,,,,VOLCANIC ROCK,,,,,WHOLE_ROCK [3822] ,220442.346,12945.744,,76847.2452,,27276.6,61484.43,,66681.51,65128.32,1316.5786,,7554.365000000001,22997.567,1527.4734999999998,,,,,,,,,,,,,,,,-3400.0000000000005,,,,,,,,,,,,,,,,,,,,,,,,,,,,24.9,,206,341,,,58.7,293,62,76,,,,,0.9,17,388,24,170,28,,,,,,,,,0,,,0.2,217,18.6,38.6,,20,5.21,1.7,,0.81,,,,,1.95,0.259,3.8,1.7,,,,,,,,,1.27,,1.95,0.61,0.512957,,,0.703184,,19.241,,15.621,,39.012,,,,,,,,,,,,,,,103038,
[3822],RIFT VOLCANICS,MEXICAN BASIN AND RANGE / WESTERN MEXICAN BASIN AND RANGE (GULF EXTENSIONAL PROVINCE) / BAJA CALIFORNIA / SAN QUINTIN VOLCANIC FIELD-SUDOESTE / PACIFIC OCEAN,SC UNIT,30.445,30.445,-116.03,-116.03,SUBAERIAL,,,s BCN-21 [3822],NOT GIVEN [3822],,,,,,,,,VOLCANIC ROCK,,,,,WHOLE_ROCK [3822] ,222826.26450000002,13904.687999999998,,82245.6054,,19023.68,61639.89,,66752.98,59399.439999999995,1316.5786,,10542.905,24407.0953,2051.1787,,,,,,,,,,,,,,,,-2100.,,,,,,,,,,,,,,,,,,,,,,,,,,,,25.6,,214,305,,,52,218,53,70,,,,,1,25,458,26,199,44,,,,,,,,,0.06,,,0.31,294,25.4,51,,25,5.98,1.93,,0.89,,,,,2.15,0.301,4.51,2.37,,,,,,,,,,,2.85,0.91,,,,,,,,,,,,,,,,,,,,,,,,,103039,
[3822],RIFT VOLCANICS,MEXICAN BASIN AND RANGE / WESTERN MEXICAN BASIN AND RANGE (GULF EXTENSIONAL PROVINCE) / BAJA CALIFORNIA / SAN QUINTIN VOLCANIC FIELD-SUDOESTE / PACIFIC OCEAN,SUL UNIT,30.439,30.439,-116.017,-116.017,SUBAERIAL,,,s BCN-80 [3822],NOT GIVEN [3822],,,,,,,,,VOLCANIC ROCK,,,,,WHOLE_ROCK [3822] ,221050.01150000002,14144.423999999999,,80287.37670000001,,17554.94,66614.61,,68110.90999999999,59640.656,1316.5786,,10791.95,22329.895699999997,2400.3155,,,,,,,,,,,,,,,,-4400.,,,,,,,,,,,,,,,,,,,,,,,,,,,,25.8,,209,307,,,52.6,169,42,63,,,,,1.7,26,494,26,231,43,,,,,,,,,0,,,0.3,343,25.9,52.2,,26,5.91,1.97,,0.92,,,,,2.2,0.317,4.55,2.39,,,,,,,,,1.9,,2.9,0.77,0.512953,,,0.703211,,19.205,,15.584,,38.859,,,,,,,,,,,,,,,103040,
[3822],RIFT VOLCANICS,MEXICAN BASIN AND RANGE / WESTERN MEXICAN BASIN AND RANGE (GULF EXTENSIONAL PROVINCE) / BAJA CALIFORNIA / SAN QUINTIN VOLCANIC FIELD-VIZCAINO / PACIFIC OCEAN,VBL UNIT,30.466,30.466,-116.026,-116.026,SUBAERIAL,,,s BCN-8 [3822],NOT GIVEN [3822],,,,,,,,,VOLCANIC ROCK,,,,,WHOLE_ROCK [3822] ,218245.4015,13305.348,,77270.64600000001,,14267.76,68868.78,,66895.92,62957.376,1239.1328,,8052.455,22033.1529,1789.3261,,,,,,,,,,,,,,,,-4400.,,,,,,,,,,,,,,,,,,,,,,,,,,,,25.7,,214,331,,,57.4,261,64,77,,,,,0.7,20,413,25,181,39,,,,,,,,,0,,,0.23,214,20.7,42.7,,24,5.39,1.81,,0.84,,,,,1.99,0.294,4.12,1.81,,,,,,,,,1.49,,2.15,0.68,0.51296,,,0.703172,,19.254,,15.645,,39.043,,,,,,,,,,,,,,,103041,
[3822],RIFT VOLCANICS,MEXICAN BASIN AND RANGE / WESTERN MEXICAN BASIN AND RANGE (GULF EXTENSIONAL PROVINCE) / BAJA CALIFORNIA / SAN QUINTIN VOLCANIC FIELD-WOODFORD / PACIFIC OCEAN,WDL UNIT,30.534,30.534,-116.017,-116.017,SUBAERIAL,,,s BCN-24 [3822],NOT GIVEN [3822],,,,,,,,,VOLCANIC ROCK,,,,,WHOLE_ROCK [3822] ,222405.573,17141.124,,85897.4373,,21891.219999999998,70267.92,,60034.8,41428.848,1471.4702,,15855.865,28487.3088,2924.0207,,,,,,,,,,,,,,,,-6000.,,,,,,,,,,,,,,,,,,,,,,,,,,,,20.8,,171,86.4,,,44,84,33,74,,,,,1.6,34,639,33,284,52,,,,,,,,,0.08,,,0.26,427,38.4,79.1,,41,8.73,2.74,,1.18,,,,,2.8,0.428,6.65,3.45,,,,,,,,,2.73,,4.41,1.06,0.512929,,,0.703239,,19.345,,15.638,,39.096,,,,,,,,,,,,,,,103043,
[3822],RIFT VOLCANICS,MEXICAN BASIN AND RANGE / WESTERN MEXICAN BASIN AND RANGE (GULF EXTENSIONAL PROVINCE) / BAJA CALIFORNIA / SAN QUINTIN VOLCANIC FIELD-WOODFORD / PACIFIC OCEAN,UNIT WDL,30.527,30.527,-116.003,-116.003,SUBAERIAL,,,s BCN-28 [3822],NOT GIVEN [3822],,,,,,,,,VOLCANIC ROCK,,,,,WHOLE_ROCK [3822] ,221564.19,17021.255999999998,,84944.78550000001,,23919.48,70656.56999999999,,57176,38594.56,1471.4702,,17018.074999999997,31603.1082,3054.9469999999997,,,,,,,,,,,,,,,,-5400.,,,,,,,,,,,,,,,,,,,,,,,,,,,,18.7,,160,76.4,,,41.4,73,28,88,,,,,1.1,35,716,35,297,60,,,,,,,,,0.08,,,0.37,467,41.8,85.9,,41,9.42,2.94,,1.25,,,,,2.93,0.427,7.1,3.76,,,,,,,,,2.67,,4.57,1.4,0.512941,,,0.703212,,19.3,,15.635,,39.042,,,,,,,,,,,,,,,103047,
[3822],RIFT VOLCANICS,MEXICAN BASIN AND RANGE / WESTERN MEXICAN BASIN AND RANGE (GULF EXTENSIONAL PROVINCE) / BAJA CALIFORNIA / SAN QUINTIN VOLCANIC FIELD-WOODFORD / PACIFIC OCEAN,WDL UNIT,30.537,30.537,-116.005,-116.005,SUBAERIAL,,,s BCN-63 [3822],NOT GIVEN [3822],,,,,,,,,VOLCANIC ROCK,,,,,WHOLE_ROCK [3822] ,221283.72900000002,16961.322,,85209.41100000001,,25248.34,70267.92,,57318.939999999995,37448.784,1471.4702,,17516.164999999997,30490.3227,3753.2206,,,,,,,,,,,,,,,,-6200.,,,,,,,,,,,,,,,,,,,,,,,,,,,,18.3,,145,72,,,40.8,70,25,64,,,,,0,35,721,35,266,68,,,,,,,,,0,,,0.33,464,42.5,87.1,,41,9.36,2.95,,1.27,,,,,2.89,0.424,7.22,3.8,,,,,,,,,,,4.59,1.6,,,,,,,,,,,,,,,,,,,,,,,,,103048,
[3822],RIFT VOLCANICS,MEXICAN BASIN AND RANGE / WESTERN MEXICAN BASIN AND RANGE (GULF EXTENSIONAL PROVINCE) / BAJA CALIFORNIA / SAN QUINTIN VOLCANIC FIELD-MEDIA LUNA / PACIFIC OCEAN,LB UNIT,30.548,30.548,-116.007,-116.007,SUBAERIAL,,,s BCN-38 [3822],NOT GIVEN [3822],,,,,,,,,VOLCANIC ROCK,,,,,WHOLE_ROCK [3822] ,220068.39800000002,16781.519999999997,,83727.50820000001,,16925.48,67780.56000000001,,59820.38999999999,45710.432,1394.0244,,15938.88,29154.9801,2531.2418,,,,,,,,,,,,,,,,-4700.,,,,,,,,,,,,,,,,,,,,,,,,,,,,21.8,,202,168,,,42.8,126,38,82,,,,,1.5,34,644,32,275,57,,,,,,,,,0.1,,,0.4,425,36.7,74.6,,38,8.13,2.6,,1.12,,,,,2.66,0.375,6.41,3.31,,,,,,,,,2.67,,4.23,1.57,0.512941,,,0.703212,,19.3,,15.635,,39.042,,,,,,,,,,,,,,,103049,
[3822],RIFT VOLCANICS,MEXICAN BASIN AND RANGE / WESTERN MEXICAN BASIN AND RANGE (GULF EXTENSIONAL PROVINCE) / BAJA CALIFORNIA / SAN QUINTIN VOLCANIC FIELD-WOODFORD / PACIFIC OCEAN,WAL-UNIT,30.532,30.532,-116.02,-116.02,SUBAERIAL,,,s BCN-26 [3822],NOT GIVEN [3822],,,,,,,,,VOLCANIC ROCK,,,,,WHOLE_ROCK [3822] ,228014.79300000003,14623.895999999999,,85791.5871,,11679.98,66070.5,,62321.840000000004,48363.808,1316.5786,,15108.730000000001,27671.266099999997,2531.2418,,,,,,,,,,,,,,,,-4400.,,,,,,,,,,,,,,,,,,,,,,,,,,,,23.6,,194,213,,,42.3,141,48,68,,,,,1.1,34,574,28,271,50,,,,,,,,,0,,,0.4,398,35.3,70.6,,30,7.27,2.27,,0.97,,,,,2.41,360,5.8,3.26,,,,,,,,,,,4.4,1.17,,,,,,,,,,,,,,,,,,,,,,,,,103050,
[3822],RIFT VOLCANICS,MEXICAN BASIN AND RANGE / WESTERN MEXICAN BASIN AND RANGE (GULF EXTENSIONAL PROVINCE) / BAJA CALIFORNIA / SAN QUINTIN VOLCANIC FIELD-MEDIA LUNA / PACIFIC OCEAN,UNIT LBL,30.54,30.54,-115.99,-115.99,SUBAERIAL,,,s BCN-40 [3822],NOT GIVEN [3822],,,,,,,,,VOLCANIC ROCK,,,,,WHOLE_ROCK [3822] ,224882.97850000003,15882.509999999998,,85950.3624,,21121.88,63816.33000000001,,54174.26,36966.352,1394.0244,,18678.375,32122.4081,3054.9469999999997,,,,,,,,,,,,,,,,-3800.,,,,,,,,,,,,,,,,,,,,,,,,,,,,18.3,,161,94,,,37.9,69,27,84,,,,,1.5,42,679,35,330,58,,,,,,,,,0.12,,,0.46,490,44.5,88.9,,41,8.92,2.77,,1.17,,,,,2.83,0.42,7.68,3.99,,,,,,,,,,,5.59,1.86,,,,,,,,,,,,,,,,,,,,,,,,,103051,
[3822],RIFT VOLCANICS,MEXICAN BASIN AND RANGE / WESTERN MEXICAN BASIN AND RANGE (GULF EXTENSIONAL PROVINCE) / BAJA CALIFORNIA / SAN QUINTIN VOLCANIC FIELD-MEDIA LUNA / PACIFIC OCEAN,UNIT LBL,30.543,30.543,-116.001,-116.001,SUBAERIAL,,,s BCN-61 [3822],NOT GIVEN [3822],,,,,,,,,VOLCANIC ROCK,,,,,WHOLE_ROCK [3822] ,225630.87450000003,15882.509999999998,,86214.9879,,22101.04,64904.549999999996,,55246.310000000005,37026.655999999995,1394.0244,,19176.465,30267.7656,3796.8627,,,,,,,,,,,,,,,,-1800.,,,,,,,,,,,,,,,,,,,,,,,,,,,,18.1,,160,95,,,37.6,77,27,49,,,,,1.3,40,682,33,312,55,,,,,,,,,0.1,,,0.42,469,44.9,89.9,,46,8.93,2.78,,1.23,,,,,2.89,0.418,7.62,4.04,,,,,,,,,,,5.42,1.4,,,,,,,,,,,,,,,,,,,,,,,,,103052,
[3822],RIFT VOLCANICS,MEXICAN BASIN AND RANGE / WESTERN MEXICAN BASIN AND RANGE (GULF EXTENSIONAL PROVINCE) / BAJA CALIFORNIA / SAN QUINTIN VOLCANIC FIELD-SAN MARTIN / PACIFIC OCEAN,UNIT IC,30.46,30.46,-116.1,-116.1,SUBAERIAL,,,s BCN-31 [3822],NOT GIVEN [3822],,,,,,,,,VOLCANIC ROCK,,,,,WHOLE_ROCK [3822] ,219133.52800000002,13904.687999999998,,84891.8604,,57770.439999999995,20520.72,,75543.79000000001,42755.536,1239.1328,,10459.89,24852.2095,1745.6840000000002,,,,,,,,,,,,,,,,3400.0000000000005,,,,,,,,,,,,,,,,,,,,,,,,,,,,28.9,,262,211,,,42.3,79,43,79,,,,,0.9,26,496,26,190,28,,,,,,,,,0.08,,,0.45,324,24,48.9,,25,5.85,1.92,,0.89,,,,,2.22,0.306,4.23,2.17,,,,,,,,,,,2.9,0.83,,,,,,,,,,,,,,,,,,,,,,,,,103053,
[3822],RIFT VOLCANICS,MEXICAN BASIN AND RANGE / WESTERN MEXICAN BASIN AND RANGE (GULF EXTENSIONAL PROVINCE) / BAJA CALIFORNIA / SAN QUINTIN VOLCANIC FIELD-SAN MARTIN / PACIFIC OCEAN,UNIT IUL,30.46,30.46,-116.1,-116.1,SUBAERIAL,,,s BCN-33 [3822],NOT GIVEN [3822],,,,,,,,,VOLCANIC ROCK,,,,,WHOLE_ROCK [3822] ,226098.3095,13904.687999999998,,87379.34010000002,,14687.400000000001,64904.549999999996,,75543.79000000001,43418.88,1316.5786,,10791.95,25074.7666,1876.6103,,,,,,,,,,,,,,,,-4100.,,,,,,,,,,,,,,,,,,,,,,,,,,,,28.6,,259,203,,,41.8,76,51,90,,,,,1,25,491,26,188,45,,,,,,,,,0.07,,,0.41,300,24.5,49.9,,25,5.89,1.91,,0.91,,,,,2.17,0.322,4.33,2.26,,,,,,,,,1.9,,2.96,0.97,0.51295,,,0.703169,,19.123,,15.596,,38.846,,,,,,,,,,,,,,,103054,
[3822],RIFT VOLCANICS,MEXICAN BASIN AND RANGE / WESTERN MEXICAN BASIN AND RANGE (GULF EXTENSIONAL PROVINCE) / BAJA CALIFORNIA / SAN QUINTIN VOLCANIC FIELD-MAZO / PACIFIC OCEAN,UNIT MX,30.369,30.369,-115.997,-115.997,SUBAERIAL,,,s BCN-36 [3822],NOT GIVEN [3822],,,,,,,,,VOLCANIC ROCK,,,,,WHOLE_ROCK [3822] ,224088.339,12945.744,,80075.6763,,46230.340000000004,31636.11,,66252.69,52524.784,1316.5786,,11040.995,24778.0238,1920.2524,,,,,,,,,,,,,,,,0,,,,,,,,,,,,,,,,,,,,,,,,,,,,25.3,,215,300,,,47.5,187,34,86,,,,,0.5,25,473,28,195,41,,,,,,,,,0.09,,,0.27,325,27.7,54.2,,29,6.32,2.01,,0.91,,,,,2.28,0.329,4.54,2.53,,,,,,,,,3.71,,3.26,0.93,0.512923,,,0.703437,,19.137,,15.59,,38.82,,,,,,,,,,,,,,,103055,
[3822],RIFT VOLCANICS,MEXICAN BASIN AND RANGE / WESTERN MEXICAN BASIN AND RANGE (GULF EXTENSIONAL PROVINCE) / BAJA CALIFORNIA / SAN QUINTIN VOLCANIC FIELD-MAZO / PACIFIC OCEAN,MUL UNIT,30.368,30.368,-115.986,-115.986,SUBAERIAL,,,s BCN-37 [3822],NOT GIVEN [3822],,,,,,,,,VOLCANIC ROCK,,,,,WHOLE_ROCK [3822] ,239093.0025,9349.704,,81398.80380000001,,8882.380000000001,70345.65000000001,,65823.87000000001,48122.592,1316.5786,,6309.14,22626.638499999997,1221.9788,,,,,,,,,,,,,,,,-2900.,,,,,,,,,,,,,,,,,,,,,,,,,,,,25.1,,178,315,,,44.4,151,36,91,,,,,1,14,307,24,128,16,,,,,,,,,0,,,0.27,156,11.9,25,,12,3.88,1.41,,0.74,,,,,1.96,0.283,2.99,0.95,,,,,,,,,1.42,,1.57,0.49,0.512941,,,0.703459,,19.008,,15.621,,38.742,,,,,,,,,,,,,,,103056,
[3822],RIFT VOLCANICS,MEXICAN BASIN AND RANGE / WESTERN MEXICAN BASIN AND RANGE (GULF EXTENSIONAL PROVINCE) / BAJA CALIFORNIA / SAN QUINTIN VOLCANIC FIELD-MAZO / PACIFIC OCEAN,MXL UNIT,30.368,30.368,-115.997,-115.997,SUBAERIAL,,,s BCN-81 [3822],NOT GIVEN [3822],,,,,,,,,VOLCANIC ROCK,,,,,WHOLE_ROCK [3822] ,233717.50000000003,9589.44,,79493.5002,,32452.159999999996,50524.5,,64037.12,49871.407999999996,1239.1328,,5562.005,19065.724899999997,1483.8314,,,,,,,,,,,,,,,,4800.,,,,,,,,,,,,,,,,,,,,,,,,,,,,25.2,,181,330,,,47.1,183,41,86,,,,,5.2,12,300,23,117,22,,,,,,,,,0.08,,,0.22,164,12.3,26.1,,13,3.96,1.34,,0.73,,,,,1.94,0.287,3.07,1.06,,,,,,,,,,,1.57,0.47,,,,,,,,,,,,,,,,,,,,,,,,,103057,
[3822],RIFT VOLCANICS,MEXICAN BASIN AND RANGE / WESTERN MEXICAN BASIN AND RANGE (GULF EXTENSIONAL PROVINCE) / BAJA CALIFORNIA / SAN QUINTIN VOLCANIC FIELD-MAZO / PACIFIC OCEAN,MXL UNIT,30.367,30.367,-115.997,-115.997,SUBAERIAL,,,s BCN-82 [3822],NOT GIVEN [3822],,,,,,,,,VOLCANIC ROCK,,,,,WHOLE_ROCK [3822] ,241523.6645,11447.393999999998,,81875.1297,,15736.5,68402.40000000001,,65395.05,37267.871999999996,1239.1328,,7720.395,24036.1668,1920.2524,,,,,,,,,,,,,,,,-2300.,,,,,,,,,,,,,,,,,,,,,,,,,,,,25.7,,194,200,,,38.8,96,42,87,,,,,1.1,17,321,27,147,26,,,,,,,,,0,,,0.27,215,17.3,34.9,,17,4.87,1.65,,0.94,,,,,2.35,0.336,3.96,1.55,,,,,,,,,,,2.25,0.76,,,,,,,,,,,,,,,,,,,,,,,,,103058,
[3822],RIFT VOLCANICS,MEXICAN BASIN AND RANGE / WESTERN MEXICAN BASIN AND RANGE (GULF EXTENSIONAL PROVINCE) / BAJA CALIFORNIA / SAN QUINTIN VOLCANIC FIELD-WOODFORD / PACIFIC OCEAN,LAVA FLOW FROM WCL,30.4,30.6,-116,-116.2,SUBAERIAL,,,s BCN-27A [3822],"MEGACRYST, SPINEL, XENOLITH [3822]",,,,,,,,,MANTLE XENOLITH,,,,,WHOLE_ROCK [3822] ,,,,,,,,,,,,,,,,,,,,,,,,,,,,,,,,,,,,,,,,,,,,,,,,,,,,,,,,,,,,,,,,,,,,,,,,,,,,,,,,,,,,,,,,,,,,,,,,,,,,,,,,,,,,,,,,,,,,,,,,0.512954,,,0.703213,,19.275,,15.605,,38.976,,,,,,,,,,,,,,,103114,
[3822],RIFT VOLCANICS,MEXICAN BASIN AND RANGE / WESTERN MEXICAN BASIN AND RANGE (GULF EXTENSIONAL PROVINCE) / BAJA CALIFORNIA / SAN QUINTIN VOLCANIC FIELD-WOODFORD / PACIFIC OCEAN,LAVA FLOW FROM WCL,30.4,30.6,-116,-116.2,SUBAERIAL,,,s BCN-27B [3822],NOT GIVEN [3822],,,,,,,,,PLUTONIC ROCK,,,,,WHOLE_ROCK [3822] ,,,,,,,,,,,,,,,,,,,,,,,,,,,,,,,,,,,,,,,,,,,,,,,,,,,,,,,,,,,,,,,,,,,,,,,,,,,,,,,,,,,,,,,,,,,,,,,,,,,,,,,,,,,,,,,,,,,,,,,,0.512918,,,0.703227,,19.354,,15.624,,38.998,,,,,,,,,,,,,,,103115,
[4495],RIFT VOLCANICS,MEXICAN BASIN AND RANGE / WESTERN MEXICAN BASIN AND RANGE (GULF EXTENSIONAL PROVINCE) / JALISCO,"SANTIAGO CANYON, GUADALAJARA AREA",21,21.5,-103.25,-103.75,SUBAERIAL,1116,1116,s MX1040 [4495],"ANDESITE, BASALTIC [4495]",,,,,,,,,VOLCANIC ROCK,,,,,WHOLE_ROCK [4495] ,233250.065,11399.446799999998,,88649.54250000001,,,,83015.64,59527.363000000005,38654.864,1169.43158,,8600.354,25668.2522,872.8420000000001,,,,,,,,,,,,,,,,,,,,,,,,,,,,,,,,,,,,,,,,,,,,,,,56.2,,,,61.2,32.8,85.2,,,,,,13.7,498,,,,,,,,,,,,,,,,361.2,,,,,,,,,,,,,,,,,,,,,,,,,,,,,,,,,,,,,,,,,,,,,,,,,,,,,105003,
[4495],RIFT VOLCANICS,MEXICAN BASIN AND RANGE / WESTERN MEXICAN BASIN AND RANGE (GULF EXTENSIONAL PROVINCE) / JALISCO,"TOP OF SANTIAGO CANYON, GUADALAJARA AREA",21,21.5,-103.25,-103.75,SUBAERIAL,,,s MX1035 [4495],BASALT [4495],,,,,,,,,VOLCANIC ROCK,,,,,WHOLE_ROCK [4495] ,255079.27950000003,5945.4528,,97858.50989999999,,,,51146.340000000004,65509.402,28342.88,789.9471599999999,,9970.1015,24184.5382,872.8420000000001,,,,,,,,,,,,,,,,,,,,,,,,,,,,,,,,,,,,,,,,,,,,,,,99.4,,,,76.9,33.9,62.5,,,,,,18.3,689.8,,,,,,,,,,,,,,,,538.7,,,,,,,,,,,,,,,,,,,,,,,,,,,,,,,,,,,,,,,,,,,,,,,,,,,,,105004,
[4495],RIFT VOLCANICS,MEXICAN BASIN AND RANGE / WESTERN MEXICAN BASIN AND RANGE (GULF EXTENSIONAL PROVINCE) / JALISCO,"SANTIAGO CANYON, GUADALAJARA AREA",21,21.5,-103.25,-103.75,SUBAERIAL,,,s MX1041 [4495],BASALT [4495],,,,PLIOCENE [4495],,,,,VOLCANIC ROCK,,,,,WHOLE_ROCK [4495] ,233997.96100000004,11159.7108,,89813.8947,,,,76952.7,63672.62300000001,40041.85599999999,1014.53998,,9256.1725,23145.9384,872.8420000000001,,,,,,,,,,,,,,,,,,,,,,,,,,,,,,,,,,,,,,,,,,,,,,,132.3,,,,105.5,37.8,84.1,,,,,,13.4,670.3,,,,,,,,,,,,,,,,388.1,,,,,,,,,,,,,,,,,,,,,,,,,,,,,,,,,,,,,,,,,,,,,,,,,,,,,105005,
[4495],RIFT VOLCANICS,MEXICAN BASIN AND RANGE / WESTERN MEXICAN BASIN AND RANGE (GULF EXTENSIONAL PROVINCE) / JALISCO,"SANTIAGO CANYON, GUADALAJARA AREA",21,21.5,-103.25,-103.75,SUBAERIAL,,,s MX1029 [4495],ANDESITE [4495],,,,,,,,,VOLCANIC ROCK,,,,,WHOLE_ROCK [4495] ,260501.52550000002,6041.347199999999,,97593.88440000001,,,,53633.700000000004,54810.34299999999,24000.992,851.9038,,12543.566499999999,27300.3376,872.8420000000001,,,,,,,,,,,,,,,,,,,,,,,,,,,,,,,,,,,,,,,,,,,,,,,62.8,,,,37.8,59.7,72.8,,,,,,21.5,925.1,,,,,,,,,,,,,,,,473.6,,,,,,,,,,,,,,,,,,,,,,,,,,,,,,,,,,,,,,,,,,,,,,,,,,,,,105006,
[4495],RIFT VOLCANICS,MEXICAN BASIN AND RANGE / WESTERN MEXICAN BASIN AND RANGE (GULF EXTENSIONAL PROVINCE) / JALISCO,"SANTIAGO CANYON, GUADALAJARA AREA",21,21.5,-103.25,-103.75,SUBAERIAL,,,s MX1030 [4495],BASALT [4495],,,,,,,,,VOLCANIC ROCK,,,,,WHOLE_ROCK [4495] ,262932.1875,6940.3571999999995,,93836.2023,,,,55810.14,52609.066999999995,26171.935999999998,844.15922,,13680.872,23961.981099999997,872.8420000000001,,,,,,,,,,,,,,,,,,,,,,,,,,,,,,,,,,,,,,,,,,,,,,,71.1,,,,59.2,40.4,71.2,,,,,,35.8,611.3,,,,,,,,,,,,,,,,603.3,,,,,,,,,,,,,,,,,,,,,,,,,,,,,,,,,,,,,,,,,,,,,,,,,,,,,105007,
[4495],RIFT VOLCANICS,MEXICAN BASIN AND RANGE / WESTERN MEXICAN BASIN AND RANGE (GULF EXTENSIONAL PROVINCE) / JALISCO,"SANTIAGO CANYON, GUADALAJARA AREA",21,21.5,-103.25,-103.75,SUBAERIAL,,,s MX1031 [4495],ANDESITE [4495],,,,,,,,,VOLCANIC ROCK,,,,,WHOLE_ROCK [4495] ,262838.7005,6952.343999999999,,95000.5545,,,,50757.69,57561.938,22915.519999999997,720.24594,,15540.408000000001,25074.7666,872.8420000000001,,,,,,,,,,,,,,,,,,,,,,,,,,,,,,,,,,,,,,,,,,,,,,,90.6,,,,67.2,43,75.2,,,,,,49.6,625.8,,,,,,,,,,,,,,,,698.7,,,,,,,,,,,,,,,,,,,,,,,,,,,,,,,,,,,,,,,,,,,,,,,,,,,,,105008,
[4495],RIFT VOLCANICS,MEXICAN BASIN AND RANGE / WESTERN MEXICAN BASIN AND RANGE (GULF EXTENSIONAL PROVINCE) / JALISCO,"SANTIAGO CANYON, GUADALAJARA AREA",21,21.5,-103.25,-103.75,SUBAERIAL,,,s MX1038 [4495],ANDESITE [4495],,,,,,,,,VOLCANIC ROCK,,,,,WHOLE_ROCK [4495] ,264427.9795,10901.994599999998,,88543.69230000001,,,,66225.95999999999,46984.378,17488.16,1169.43158,,16304.146,26855.2234,872.8420000000001,,,,,,,,,,,,,,,,,,,,,,,,,,,,,,,,,,,,,,,,,,,,,,,28.8,,,,5.3,23,91.6,,,,,,35,531.8,,,,,,,,,,,,,,,,701.9,,,,,,,,,,,,,,,,,,,,,,,,,,,,,,,,,,,,,,,,,,,,,,,,,,,,,105009,
[4495],RIFT VOLCANICS,MEXICAN BASIN AND RANGE / WESTERN MEXICAN BASIN AND RANGE (GULF EXTENSIONAL PROVINCE) / JALISCO,"SANTIAGO CANYON, GUADALAJARA AREA",21,21.5,-103.25,-103.75,SUBAERIAL,,,s MX1039 [4495],ANDESITE [4495],,,,,,,,,VOLCANIC ROCK,,,,,WHOLE_ROCK [4495] ,283733.04500000004,7851.354,,88120.29149999999,,,,52312.29,33097.757000000005,13025.664,1068.75204,,21658.6135,30564.5084,872.8420000000001,,,,,,,,,,,,,,,,,,,,,,,,,,,,,,,,,,,,,,,,,,,,,,,22.6,,,,4.5,6.8,85.8,,,,,,47.4,461.3,,,,,,,,,,,,,,,,865,,,,,,,,,,,,,,,,,,,,,,,,,,,,,,,,,,,,,,,,,,,,,,,,,,,,,105010,
[4495],RIFT VOLCANICS,MEXICAN BASIN AND RANGE / WESTERN MEXICAN BASIN AND RANGE (GULF EXTENSIONAL PROVINCE) / JALISCO,"SANTIAGO CANYON, GUADALAJARA AREA",21,21.5,-103.25,-103.75,SUBAERIAL,,,s MX1057 [4495],ANDESITE [4495],,,,,,,,,VOLCANIC ROCK,,,,,WHOLE_ROCK [4495] ,273402.73150000005,6826.482599999999,,96164.9067,,,,44927.94,32661.79,14955.392,797.69174,,15390.981000000002,33902.8649,872.8420000000001,,,,,,,,,,,,,,,,,,,,,,,,,,,,,,,,,,,,,,,,,,,,,,,64.5,,,,0,23.1,68.3,,,,,,27.1,654.9,,,,,,,,,,,,,,,,840.4,,,,,,,,,,,,,,,,,,,,,,,,,,,,,,,,,,,,,,,,,,,,,,,,,,,,,105011,
[4495],RIFT VOLCANICS,MEXICAN BASIN AND RANGE / WESTERN MEXICAN BASIN AND RANGE (GULF EXTENSIONAL PROVINCE) / JALISCO,"BETWEN MAGDALENE AND IXTLAN DEL RIO, GUADALAJARA AREA",21,21,-104.35,-104.35,SUBAERIAL,,,s MX1056 [4495],NOT GIVEN [4495],,,,,,,,,VOLCANIC ROCK,,,,,WHOLE_ROCK [4495] ,288454.1385,4608.924599999999,,89390.4939,,,,40030.950000000004,32140.058999999997,13387.488000000001,983.56166,,22629.889,38131.449799999995,872.8420000000001,,,,,,,,,,,,,,,,,,,,,,,,,,,,,,,,,,,,,,,,,,,,,,,38.7,,,,0,2.6,99.9,,,,,,78.2,257.5,,,,,,,,,,,,,,,,1062.9,,,,,,,,,,,,,,,,,,,,,,,,,,,,,,,,,,,,,,,,,,,,,,,,,,,,,105012,
[4495],RIFT VOLCANICS,MEXICAN BASIN AND RANGE / WESTERN MEXICAN BASIN AND RANGE (GULF EXTENSIONAL PROVINCE) / DURANGO,5 MILES E OF DURANGO,24,24,-104.7,-104.7,SUBAERIAL,,,s MX1059 [4495],"BASALT, PICRITIC [4495]",,,,,,,,,VOLCANIC ROCK,,,,,WHOLE_ROCK [4495] ,215861.483,18747.355199999998,,77164.7958,,,,89000.84999999999,65988.251,50112.624,1262.36654,,18271.6015,24332.9096,872.8420000000001,,,,,,,,,,,,,,,,,,,,,,,,,,,,,,,,,,,,,,,,,,,,,,,147.8,,,,0,63,92.9,,,,,,37.6,860.5,,,,,,,,,,,,,,,,632.5,,,,,,,,,,,,,,,,,,,,,,,,,,,,,,,,,,,,,,,,,,,,,,,,,,,,,105013,
[4495],RIFT VOLCANICS,MEXICAN BASIN AND RANGE / WESTERN MEXICAN BASIN AND RANGE (GULF EXTENSIONAL PROVINCE) / JALISCO,"12 MILES FROM GUADY, NOGALES ROAD, GUADALAJARA AREA",21,21,-104,-104,SUBAERIAL,,,s MX1045 [4495],"BASALT, PICRITIC [4495]",,,,,,,,,VOLCANIC ROCK,,,,,WHOLE_ROCK [4495] ,222312.08600000004,17830.364999999998,,88543.69230000001,,,,100349.43000000001,61006.791999999994,25086.464,1440.49188,,11215.3265,29377.5372,872.8420000000001,,,,,,,,,,,,,,,,,,,,,,,,,,,,,,,,,,,,,,,,,,,,,,,48.1,,,,47.9,44.2,119.9,,,,,,13,568.8,,,,,,,,,,,,,,,,820.2,,,,,,,,,,,,,,,,,,,,,,,,,,,,,,,,,,,,,,,,,,,,,,,,,,,,,105014,
[4495],RIFT VOLCANICS,MEXICAN BASIN AND RANGE / WESTERN MEXICAN BASIN AND RANGE (GULF EXTENSIONAL PROVINCE) / JALISCO,"5 MILES E OF ZAPOTLANE, GUADALAJARA AREA",21,21,-104,-104,SUBAERIAL,,,s MX1054 [4495],"BASALT, PICRITIC [4495]",,,,,,,,,VOLCANIC ROCK,,,,,WHOLE_ROCK [4495] ,231473.81200000003,7905.294599999999,,86162.06280000001,,,,77185.89,72249.023,40524.28799999999,1184.92074,,12319.426,23591.0526,872.8420000000001,,,,,,,,,,,,,,,,,,,,,,,,,,,,,,,,,,,,,,,,,,,,,,,177.2,,,,0,69.2,77.5,,,,,,11.4,326.6,,,,,,,,,,,,,,,,215.6,,,,,,,,,,,,,,,,,,,,,,,,,,,,,,,,,,,,,,,,,,,,,,,,,,,,,105015,
[4495],RIFT VOLCANICS,MEXICAN BASIN AND RANGE / WESTERN MEXICAN BASIN AND RANGE (GULF EXTENSIONAL PROVINCE) / JALISCO,"22 MILES SOUTH OF TEQUILA, GUADALAJARA AREA",20.86,20.86,-103.8,-103.8,SUBAERIAL,,,s MX1046 [4495],"BASALT, PICRITIC [4495]",,,,,,,,,VOLCANIC ROCK,,,,,WHOLE_ROCK [4495] ,232455.4255,15037.440599999998,,73407.1137,,,,91721.40000000001,65923.928,37448.784,1440.49188,,9978.403,27893.8232,872.8420000000001,,,,,,,,,,,,,,,,,,,,,,,,,,,,,,,,,,,,,,,,,,,,,,,67.1,,,,36.4,52.4,86.7,,,,,,12,525.1,,,,,,,,,,,,,,,,365.2,,,,,,,,,,,,,,,,,,,,,,,,,,,,,,,,,,,,,,,,,,,,,,,,,,,,,105016,
[4495],RIFT VOLCANICS,MEXICAN BASIN AND RANGE / WESTERN MEXICAN BASIN AND RANGE (GULF EXTENSIONAL PROVINCE) / JALISCO,"3 MILES EAST OF IXTLAN DEL RIO, GUADALAJARA AREA",21,21,-104.35,-104.35,SUBAERIAL,,,s MX1049 [4495],"ANDESITE, BASALTIC [4495]",,,,,,,,,VOLCANIC ROCK,,,,,WHOLE_ROCK [4495] ,242037.84300000002,15750.6552,,81134.1783,,,,84881.16,54938.989,27136.8,1425.00272,,15880.7695,27077.780499999997,872.8420000000001,,,,,,,,,,,,,,,,,,,,,,,,,,,,,,,,,,,,,,,,,,,,,,,78.8,,,,0,42.1,90.1,,,,,,28.2,537.5,,,,,,,,,,,,,,,,697.5,,,,,,,,,,,,,,,,,,,,,,,,,,,,,,,,,,,,,,,,,,,,,,,,,,,,,105017,
[4495],RIFT VOLCANICS,MEXICAN BASIN AND RANGE / WESTERN MEXICAN BASIN AND RANGE (GULF EXTENSIONAL PROVINCE) / JALISCO,"5 MILES WEST OF MAGDALENA, GUADALAJARA AREA",21,21,-104,-104,SUBAERIAL,,,s MX1047 [4495],BASALT [4495],,,,,,,,APHYRIC [4495] ,VOLCANIC ROCK,,,,,WHOLE_ROCK [4495] ,249283.08550000002,12298.4568,,85474.0365,,,,69801.54000000001,50514.996,29006.223999999995,1184.92074,,18645.169,29748.465699999997,872.8420000000001,,,,,,,,,,,,,,,,,,,,,,,,,,,,,,,,,,,,,,,,,,,,,,,60,,,,0,34.7,80.1,,,,,,33.2,505.8,,,,,,,,,,,,,,,,829.4,,,,,,,,,,,,,,,,,,,,,,,,,,,,,,,,,,,,,,,,,,,,,,,,,,,,,105018,
[4495],RIFT VOLCANICS,MEXICAN BASIN AND RANGE / WESTERN MEXICAN BASIN AND RANGE (GULF EXTENSIONAL PROVINCE) / JALISCO,"6 MILES OUT ON GUANAJATO ROAD, GUADALAJARA AREA",21,21,-104,-104,SUBAERIAL,,,s MX1051 [4495],"ANDESITE, BASALTIC [4495]",,,,,,,,,VOLCANIC ROCK,,,,,WHOLE_ROCK [4495] ,252321.413,6724.5948,,95000.5545,,,,58219.770000000004,59041.36699999999,30996.255999999998,0.,,12568.471,26039.180699999997,872.8420000000001,,,,,,,,,,,,,,,,,,,,,,,,,,,,,,,,,,,,,,,,,,,,,,,79.2,,,,0,48.2,73.7,,,,,,23.3,671.5,,,,,,,,,,,,,,,,508.4,,,,,,,,,,,,,,,,,,,,,,,,,,,,,,,,,,,,,,,,,,,,,,,,,,,,,105019,
[4495],RIFT VOLCANICS,MEXICAN BASIN AND RANGE / WESTERN MEXICAN BASIN AND RANGE (GULF EXTENSIONAL PROVINCE) / JALISCO,"8 MILES OUT ON GUANAJATO ROAD, GUADALAJARA AREA",21,21,-104,-104,SUBAERIAL,,,s MX1053 [4495],BASALT [4495],,,,,,,,,VOLCANIC ROCK,,,,,WHOLE_ROCK [4495] ,253162.796,6628.7004,,96588.30750000001,,,,57287.01,60406.444,29609.264,944.83876,,10376.875,24926.3952,872.8420000000001,,,,,,,,,,,,,,,,,,,,,,,,,,,,,,,,,,,,,,,,,,,,,,,81.1,,,,0,42.4,69.7,,,,,,20.1,731.3,,,,,,,,,,,,,,,,485.1,,,,,,,,,,,,,,,,,,,,,,,,,,,,,,,,,,,,,,,,,,,,,,,,,,,,,105020,
[4495],RIFT VOLCANICS,MEXICAN BASIN AND RANGE / WESTERN MEXICAN BASIN AND RANGE (GULF EXTENSIONAL PROVINCE) / JALISCO,"6 MILES OUT ON GUANAJATO ROAD, GUADALAJARA AREA",21,21,-104,-104,SUBAERIAL,,,s MX1052 [4495],BASALT [4495],,,,,,,,,VOLCANIC ROCK,,,,,WHOLE_ROCK [4495] ,253957.43550000002,6658.667399999999,,96323.682,,,,59230.26,59777.50800000001,28885.615999999998,952.58334,,11655.305999999999,22404.0814,872.8420000000001,,,,,,,,,,,,,,,,,,,,,,,,,,,,,,,,,,,,,,,,,,,,,,,76.9,,,,0,45.3,75.4,,,,,,22.6,682.2,,,,,,,,,,,,,,,,532.8,,,,,,,,,,,,,,,,,,,,,,,,,,,,,,,,,,,,,,,,,,,,,,,,,,,,,105021,
[4495],RIFT VOLCANICS,MEXICAN BASIN AND RANGE / WESTERN MEXICAN BASIN AND RANGE (GULF EXTENSIONAL PROVINCE) / DURANGO / SANTUARIO FORMATION / PACIFIC OCEAN,"MAZATLAN, BASE OF SCARP OF SIERRA MADRE OCCIDENTAL",24.25,24.75,-104.5,-105,SUBAERIAL,,,s MX1058 [4495],GRANODIORITE [4495],,,,,,,,,PLUTONIC ROCK,,,,,WHOLE_ROCK [4495] ,320192.97500000003,3410.2445999999995,,80446.152,,,,28604.640000000003,12228.517,4643.407999999999,642.80014,,28150.3865,41395.6206,436.42100000000005,,,,,,,,,,,,,,,,,,,,,,,,,,,,,,,,,,,,,,,,,,,,,,,24.6,,,,0,7.2,51.2,,,,,,63.5,253.8,,,,,,,,,,,,,,,,1485.5,,,,,,,,,,,,,,,,,,,,,,,,,,,,,,,,,,,,,,,,,,,,,,,,,,,,,105023,
[4495],RIFT VOLCANICS,MEXICAN BASIN AND RANGE / WESTERN MEXICAN BASIN AND RANGE (GULF EXTENSIONAL PROVINCE) / JALISCO,"IXTLAN DEL RIO, GUADALAJARA AREA",21.03,21.03,-104.35,-104.35,SUBAERIAL,,,s MX1048 [4495],NOT GIVEN [4495],,,,,,,,,VOLCANIC ROCK,,,,,VOLCANIC GLASS [4495] ,351277.4025,761.1618,,68855.5551,,,,11504.039999999999,3251.885,422.12800000000004,363.99526,,41997.2885,32189.17523,436.42100000000005,,,,,,,,,,,,,,,,,,,,,,,,,,,,,,,,,,,,,,,,,,,,,,,32.3,,,,6,3,62.8,,,,,,155.1,8.1,,,,,,,,,,,,,,,,110.2,,,,,,,,,,,,,,,,,,,,,,,,,,,,,,,,,,,,,,,,,,,,,,,,,,,,,105024,
[4495],RIFT VOLCANICS,MEXICAN BASIN AND RANGE / WESTERN MEXICAN BASIN AND RANGE (GULF EXTENSIONAL PROVINCE) / JALISCO,"TOP OF SANTIAGO CANYON, GUADALAJARA AREA",21,21.5,-103.25,-103.75,SUBAERIAL,,,s MX1037 [4495],NOT GIVEN [4495],,,,,,,,,VOLCANIC ROCK,,,,,WHOLE_ROCK [4495] ,340012.219,821.0958,,76529.6946,,,,16711.95,5424.573,723.6479999999999,410.46274,,38361.2315,34273.7934,436.42100000000005,,,,,,,,,,,,,,,,,,,,,,,,,,,,,,,,,,,,,,,,,,,,,,,5.2,,,,7.2,1.7,25.1,,,,,,123.8,96.6,,,,,,,,,,,,,,,,564.8,,,,,,,,,,,,,,,,,,,,,,,,,,,,,,,,,,,,,,,,,,,,,,,,,,,,,105025,
[4495],RIFT VOLCANICS,MEXICAN BASIN AND RANGE / WESTERN MEXICAN BASIN AND RANGE (GULF EXTENSIONAL PROVINCE) / JALISCO,"SANTIAGO CANYON, GUADALAJARA AREA",21,21.5,-103.25,-103.75,SUBAERIAL,,,s MX1034 [4495],RHYOLITE [4495],,,,,,,,,VOLCANIC ROCK,,,,,WHOLE_ROCK [4495] ,354876.65200000006,629.3069999999999,,68749.7049,,,,9172.14,4066.6429999999996,1628.208,317.52778,,51303.27,18709.63354,436.42100000000005,,,,,,,,,,,,,,,,,,,,,,,,,,,,,,,,,,,,,,,,,,,,,,,7.5,,,,4,2.5,32.1,,,,,,168.2,34,,,,,,,,,,,,,,,,348.5,,,,,,,,,,,,,,,,,,,,,,,,,,,,,,,,,,,,,,,,,,,,,,,,,,,,,105026,
[4495],RIFT VOLCANICS,MEXICAN BASIN AND RANGE / WESTERN MEXICAN BASIN AND RANGE (GULF EXTENSIONAL PROVINCE) / JALISCO,"TOP OF SANTIAGO CANYON, GUADALAJARA AREA",21,21.5,-103.25,-103.75,SUBAERIAL,,,s MX1032 [4495],NOT GIVEN [4495],,,,,,,,,VOLCANIC ROCK,,,,,VOLCANIC GLASS [4495] ,355858.2655,857.0561999999999,,68326.30410000001,,,,8938.949999999999,4088.084,180.91199999999998,333.01694,,39697.773,29800.39569,436.42100000000005,,,,,,,,,,,,,,,,,,,,,,,,,,,,,,,,,,,,,,,,,,,,,,,11.6,,,,4.3,1.9,34.7,,,,,,156.4,32.3,,,,,,,,,,,,,,,,350.2,,,,,,,,,,,,,,,,,,,,,,,,,,,,,,,,,,,,,,,,,,,,,,,,,,,,,105027,
[4495],RIFT VOLCANICS,MEXICAN BASIN AND RANGE / WESTERN MEXICAN BASIN AND RANGE (GULF EXTENSIONAL PROVINCE) / JALISCO,"SANTIAGO CANYON, GUADALAJARA AREA",21,21.5,-103.25,-103.75,SUBAERIAL,,,s MX1238 [4495],RHYOLITE [4495],,,,,,,,,VOLCANIC ROCK,,,,,WHOLE_ROCK [4495] ,366048.3485,1102.7856,,60281.68890000001,,,,8938.949999999999,1357.93,1025.1680000000001,356.25068,,37157.514,28650.51734,436.42100000000005,,,,,,,,,,,,,,,,,,,,,,,,,,,,,,,,,,,,,,,,,,,,,,,10.7,,,,8.1,1.2,47.6,,,,,,154,20.7,,,,,,,,,,,,,,,,200.5,,,,,,,,,,,,,,,,,,,,,,,,,,,,,,,,,,,,,,,,,,,,,,,,,,,,,105028,
[4495],RIFT VOLCANICS,MEXICAN BASIN AND RANGE / WESTERN MEXICAN BASIN AND RANGE (GULF EXTENSIONAL PROVINCE) / JALISCO,"BOTTOM OF SANTIAGO CANYON, GUADALAJARA AREA",21,21,-104,-104,SUBAERIAL,,,s MX1042 [4495],RHYOLITE [4495],,,,,,,,,VOLCANIC ROCK,,,,,WHOLE_ROCK [4495] ,370255.2635,1378.482,,58958.561400000006,,,,11193.119999999999,4288.2,3377.0240000000003,100.67953999999999,,37813.3325,14733.28002,436.42100000000005,,,,,,,,,,,,,,,,,,,,,,,,,,,,,,,,,,,,,,,,,,,,,,,20.2,,,,6.5,4.3,19.1,,,,,,149.2,104.7,,,,,,,,,,,,,,,,809,,,,,,,,,,,,,,,,,,,,,,,,,,,,,,,,,,,,,,,,,,,,,,,,,,,,,105029,
[4191],RIFT VOLCANICS,MEXICAN BASIN AND RANGE / WESTERN MEXICAN BASIN AND RANGE (GULF EXTENSIONAL PROVINCE) / BAJA CALIFORNIA / PACIFIC OCEAN,,31,32,-115,-116,SUBAERIAL,,,s LB94-18 [4191],"BASALT, ALKALINE [4191]",,,,,,,,,VOLCANIC ROCK,,,,,WHOLE_ROCK [4191] ,,,,,,,,,,,,,,,,,,,,,,,,,,,,,,,,,,,,,,,,,,,,,15.4,,,,,,,,,,,,,,,,,,,,,,,,,,,,,,,,,,,,,,,,,,,,,,,,,,,,,,,,,,,,,,,,,,,,,,,,,,,,,,,,,,,,,,,,,,,,,,,,,,,117264,
[4191],RIFT VOLCANICS,MEXICAN BASIN AND RANGE / WESTERN MEXICAN BASIN AND RANGE (GULF EXTENSIONAL PROVINCE) / BAJA CALIFORNIA / PACIFIC OCEAN,,31,32,-115,-116,SUBAERIAL,,,s IHC-1 [4191],"BASALT, ALKALINE [4191]",,,,,,,,,VOLCANIC ROCK,,,,,WHOLE_ROCK [4191] ,,,,,,,,,,,,,,,,,,,,,,,,,,,,,,,,,,,,,,,,,,,,,1.88,,,,,,,,,,,,,,,,,,,,,,,,,,,,,,,,,,,,,,,,,,,,,,,,,,,,,,,,,,,,,,,,,,,,,,,,,,,,,,,,,,,,,,,,,,,,,,,,,,,117265,
[3821],RIFT VOLCANICS,MEXICAN BASIN AND RANGE / EASTERN MEXICAN BASIN AND RANGE / SAN LUIS POTOSI / SANTO DOMINGO VOLCANIC FIELD,"LA JOYA PRIETA MAAR, 6 TO 8 M BELOW SOUTH CRATER RIM",22.948,22.948,-100.228,-100.228,SUBAERIAL,,,s SLP-1 [3821],"BASALT, ALKALINE, OLIVINE [3821]",,,,,,,,,VOLCANIC ROCK,,,SLIGHTLY ALTERED,,WHOLE_ROCK [3821] ,211514.33750000002,14923.566,,81292.9536,,33571.2,63583.14,,67967.97,43298.272,1626.3618,,14278.58,21439.6673,2531.2418,,,,,,,,,,,,,,,,16900.,,,,,,,,,,,,,,,,,,,,,,,,,,,,,,,110,,,,83,48,99,,,,,,37,773,26,257,45,,,,,,,,,,,,,412,44,74,,,,,,,,,,,,,,,,,,,,,,,,,,,,,,,,,,,,,,,,,,,,,,,,,,,118916,
[3821],RIFT VOLCANICS,MEXICAN BASIN AND RANGE / EASTERN MEXICAN BASIN AND RANGE / SAN LUIS POTOSI / SANTO DOMINGO VOLCANIC FIELD,"LA JOYA PRIETA MAAR, ABOUT 15 M BELOW SOUTH CRATER RIM",22.95,22.95,-100.228,-100.228,SUBAERIAL,,,s SLP-2 [3821],BASALT [3821],,,,,,,,,VOLCANIC ROCK,,,,,WHOLE_ROCK [3821] ,208662.98400000003,14623.895999999999,,80340.3018,,38816.7,57053.82,,68968.55,44082.223999999995,1626.3618,,13033.355000000001,16172.482600000001,2531.2418,,,,,,,,,,,,,,,,29700.000000000004,,,,,,,,,,,,,,,,,,,,,,,,,,,,,,,118,,,,100,49,103,,,,,,27,735,23,249,41,,,,,,,,,,,,,427,34,67,,,,,,,,,,,,,,,,,,,,,,,,,,,,,,,,,,,,,,,,,,,,,,,,,,,118917,
[3821],RIFT VOLCANICS,MEXICAN BASIN AND RANGE / EASTERN MEXICAN BASIN AND RANGE / SAN LUIS POTOSI / SANTO DOMINGO VOLCANIC FIELD,"LA JOYA PRIETA MAAR, ABOUT 15 M BELOW SOUTH CRATER RIM",22.95,22.95,-100.228,-100.228,SUBAERIAL,,,s SLP-3 [3821],BASANITE [3821],,,,,,,,,VOLCANIC ROCK,,,,,WHOLE_ROCK [3821] ,214085.23,14504.027999999998,,81663.4293,,31542.94,67003.26,,63179.479999999996,43358.576,1703.8076,,16104.91,28635.6802,2531.2418,,,,,,,,,,,,,,,,6899.999999999999,,,,,,,,,,,,,,,,,,,,,,,,,,,,,,,144,,,,105,54,103,,,,,,34,648,27,260,44,,,,,,,,,,,,,425,32,61,,,,,,,,,,,,,,,,,,,,,,,,,,,,,,,,,,,,,,,,,,,,,,,,,,,118918,
[3821],RIFT VOLCANICS,MEXICAN BASIN AND RANGE / EASTERN MEXICAN BASIN AND RANGE / SAN LUIS POTOSI / SANTO DOMINGO VOLCANIC FIELD,"LA JOYA DE LOS CONTRERAS MAAR, NE RIM",22.895,22.895,-100.277,-100.277,SUBAERIAL,,,s SLP-4 [3821],"BASALT, ALKALINE, OLIVINE [3821]",,,,,,,,,VOLCANIC ROCK,,,,,WHOLE_ROCK [3821] ,214131.97350000002,15522.905999999999,,78434.9982,,27976,67547.37,,67753.56,42454.015999999996,1548.9160000000002,,14444.61,21513.853,3011.3048999999996,,,,,,,,,,,,,,,,22599.999999999996,,,,,,,,,,,,,,,,,,,,,,,,,,,,,,,142,,,,122,51,107,,,,,,25,942,23,296,53,,,,,,,,,,,,,375,49,79,,,,,,,,,,,,,,,,,,,,,,,,,,,,,,,,,,,,,,,,,,,,,,,,,,,118919,
[3821],RIFT VOLCANICS,MEXICAN BASIN AND RANGE / EASTERN MEXICAN BASIN AND RANGE / SAN LUIS POTOSI / SANTO DOMINGO VOLCANIC FIELD,"LA JOYA DE LOS CONTRERAS MAAR, NORTH SIDE OF CRATER",22.9,22.9,-100.278,-100.278,SUBAERIAL,,,s SLP-6 [3821],BASANITE [3821],,,,,,,,,VOLCANIC ROCK,,,,,WHOLE_ROCK [3821] ,224181.82600000003,13425.216,,80710.7775,,32242.340000000004,62650.380000000005,,53030.74,41006.719999999994,1703.8076,,20006.615,33309.3793,3273.1575000000003,,,,,,,,,,,,,,,,8000.,,,,,,,,,,,,,,,,,,,,,,,,,,,,,,,162,,,,153,36,106,,,,,,37,876,26,336,62,,,,,,,,,,,,,489,46,86,,,,,,,,,,,,,,,,,,,,,,,,,,,,,,,,,,,,,,,,,,,,,,,,,,,118921,
[3821],RIFT VOLCANICS,MEXICAN BASIN AND RANGE / EASTERN MEXICAN BASIN AND RANGE / SAN LUIS POTOSI / SANTO DOMINGO VOLCANIC FIELD,"LA JOYA DE LOS CONTRERAS MAAR, NORTH SIDE OF CRATER",22.902,22.902,-100.283,-100.283,SUBAERIAL,,,s SLP-7 [3821],BASANITE [3821],,,,,,,,,VOLCANIC ROCK,,,SLIGHTLY ALTERED,,WHOLE_ROCK [3821] ,204502.81250000003,18579.54,,76953.0954,,34270.600000000006,68246.93999999999,,76187.02,43358.576,1548.9160000000002,,9795.769999999999,23220.124099999997,2924.0207,,,,,,,,,,,,,,,,21600.,,,,,,,,,,,,,,,,,,,,,,,,,,,,,,,65,,,,73,47,89,,,,,,26,768,23,258,48,,,,,,,,,,,,,347,29,76,,,,,,,,,,,,,,,,,,,,,,,,,,,,,,,,,,,,,,,,,,,,,,,,,,,118922,
[3821],RIFT VOLCANICS,MEXICAN BASIN AND RANGE / EASTERN MEXICAN BASIN AND RANGE / SAN LUIS POTOSI / SANTO DOMINGO VOLCANIC FIELD,"LA JOYA DE LOS CONTRERAS MAAR, SE CRATER RIM",22.892,22.892,-100.278,-100.278,SUBAERIAL,,,s SLP-8 [3821],BASANITE [3821],,,,,,,,,VOLCANIC ROCK,,,,,WHOLE_ROCK [3821] ,226378.7705,12166.601999999999,,80499.07710000001,,30563.780000000002,62494.91999999999,,49528.71,40825.808,1781.2534,,21334.855,35980.06449999999,3360.4417000000003,,,,,,,,,,,,,,,,7600.,,,,,,,,,,,,,,,,,,,,,,,,,,,,,,,205,,,,174,42,108,,,,,,43,929,28,364,66,,,,,,,,,,,,,515,46,88,,,,,,,,,,,,,,,,,,,,,,,,,,,,,,,,,,,,,,,,,,,,,,,,,,,118923,
[3821],RIFT VOLCANICS,MEXICAN BASIN AND RANGE / EASTERN MEXICAN BASIN AND RANGE / SAN LUIS POTOSI / SANTO DOMINGO VOLCANIC FIELD,WEST SIDE OF ROAD TO POLVORA,22.917,22.917,-100.338,-100.338,SUBAERIAL,,,s SLP-9 [3821],"BASALT, HYPERSTHENE [3821]",,,,,,,,VESICULAR [3821] ,VOLCANIC ROCK,,,,,WHOLE_ROCK [3821] ,237270.00600000002,10608.318,,73301.2635,,7133.88,80061.90000000001,,60892.439999999995,51499.615999999995,1316.5786,,8716.575,21365.4816,1178.3367,,,,,,,,,,,,,,,,9400.,,,,,,,,,,,,,,,,,,,,,,,,,,,,,,,292,,,,187,68,103,,,,,,17,330,22,151,17,,,,,,,,,,,,,169,5,33,,,,,,,,,,,,,,,,,,,,,,,,,,,,,,,,,,,,,,,,,,,,,,,,,,,118924,
[3821],RIFT VOLCANICS,MEXICAN BASIN AND RANGE / EASTERN MEXICAN BASIN AND RANGE / SAN LUIS POTOSI / SANTO DOMINGO VOLCANIC FIELD,CINDER CONE NORTH OF CERRO EL APASTE,22.943,22.943,-100.35,-100.35,SUBAERIAL,,,s SLP-12 [3821],"BASALT, ALKALINE, OLIVINE [3821]",,,,,,,,,VOLCANIC ROCK,,,,,WHOLE_ROCK [3821] ,228528.9715,12945.744,,75312.4173,,15107.04,75942.20999999999,,64751.82000000001,56203.328,1394.0244,,10791.95,23813.609699999997,1920.2524,,,,,,,,,,,,,,,,5900.,,,,,,,,,,,,,,,,,,,,,,,,,,,,,,,280,,,,165,48,94,,,,,,17,507,22,196,30,,,,,,,,,,,,,247,18,47,,,,,,,,,,,,,,,,,,,,,,,,,,,,,,,,,,,,,,,,,,,,,,,,,,,118926,
[3821],RIFT VOLCANICS,MEXICAN BASIN AND RANGE / EASTERN MEXICAN BASIN AND RANGE / SAN LUIS POTOSI / SANTO DOMINGO VOLCANIC FIELD,JUST NNW OF SAN RAFAEL MATRIZ,22.647,22.647,-99.927,-99.927,SUBAERIAL,,,s SLP-15 [3821],BASANITE [3821],,,,,,,,,VOLCANIC ROCK,,,,,WHOLE_ROCK [3821] ,228949.663,13784.819999999998,,79863.9759,,27486.420000000002,54177.81,,65037.7,43539.488,1239.1328,,15855.865,28784.0516,2269.3892,,,,,,,,,,,,,,,,8300.,,,,,,,,,,,,,,,,,,,,,,,,,,,,,,,294,,,,75,38,103,,,,,,29,646,22,225,41,,,,,,,,,,,,,353,36,51,,,,,,,,,,,,,,,,,,,,,,,,,,,,,,,,,,,,,,,,,,,,,,,,,,,118927,
[3821],RIFT VOLCANICS,MEXICAN BASIN AND RANGE / EASTERN MEXICAN BASIN AND RANGE / SAN LUIS POTOSI / SANTO DOMINGO VOLCANIC FIELD,KM 15 ON HIGHWAY 101,22.825,22.825,-99.892,-99.892,SUBAERIAL,,,s SLP-16 [3821],"BASALT, ALKALINE, OLIVINE [3821]",,,,,,,,,VOLCANIC ROCK,,,,,WHOLE_ROCK [3821] ,228715.94550000003,15462.972,,83833.3584,,14197.819999999998,70190.18999999999,,62536.25,34252.672,1316.5786,,16270.94,28635.6802,2225.7471,,,,,,,,,,,,,,,,4500.,,,,,,,,,,,,,,,,,,,,,,,,,,,,,,,78,,,,47,42,90,,,,,,36,629,24,232,39,,,,,,,,,,,,,349,34,66,,,,,,,,,,,,,,,,,,,,,,,,,,,,,,,,,,,,,,,,,,,,,,,,,,,118928,
[3821],RIFT VOLCANICS,MEXICAN BASIN AND RANGE / EASTERN MEXICAN BASIN AND RANGE / SAN LUIS POTOSI / VENTURA-ESPIRITU SANTO VOLCANIC FIELD,"VENTURA AREA, CERRO VERDE, ABOUT 6 KM WNW OF SAN LORENZO",22.57,22.57,-100.683,-100.683,SUBAERIAL,,,s SLP-19 [3821],BASANITE [3821],,,,,,,,,VOLCANIC ROCK,,,,,WHOLE_ROCK [3821] ,196509.674,20377.559999999998,,66209.30010000001,,26367.38,68946.51,,70112.07,65429.84,1626.3618,,18512.345,33531.9364,5717.1151,,,,,,,,,,,,,,,,6700.,,,,,,,,,,,,,,,,,,,,,,,,,,,,,,,295,,,,256,51,106,,,,,,42,1163,30,408,101,,,,,,,,,,,,,529,64,132,,,,,,,,,,,,,,,,,,,,,,,,,,,,,,,,,,,,,,,,,,,,,,,,,,,118929,
[3821],RIFT VOLCANICS,MEXICAN BASIN AND RANGE / EASTERN MEXICAN BASIN AND RANGE / SAN LUIS POTOSI / VENTURA-ESPIRITU SANTO VOLCANIC FIELD,"VENTURA AREA, CERRO VERDE",22.342,22.342,-100.763,-100.763,SUBAERIAL,,,s SLP-20 [3821],BASANITE [3821],,,,,,,,,VOLCANIC ROCK,,,,,WHOLE_ROCK [3821] ,201511.22850000003,17320.926,,62557.4682,,20632.300000000003,72133.43999999999,,63751.24,88405.66399999999,1394.0244,,14444.61,26632.666299999997,3316.7996000000003,,,,,,,,,,,,,,,,5500.,,,,,,,,,,,,,,,,,,,,,,,,,,,,,,,629,,,,408,38,93,,,,,,32,768,19,264,65,,,,,,,,,,,,,425,38,69,,,,,,,,,,,,,,,,,,,,,,,,,,,,,,,,,,,,,,,,,,,,,,,,,,,118930,
[3821],RIFT VOLCANICS,MEXICAN BASIN AND RANGE / EASTERN MEXICAN BASIN AND RANGE / SAN LUIS POTOSI / VENTURA-ESPIRITU SANTO VOLCANIC FIELD,"VENTURA AREA, VENT 2 KM NW OF LA JOYA HONDA",22.437,22.437,-100.793,-100.793,SUBAERIAL,,,s SLP-21 [3821],"NEPHELINITE, OLIVINE [3821]",,,,,,,,,VOLCANIC ROCK,,,,,WHOLE_ROCK [3821] ,196790.135,19118.946,,66368.0754,,32592.04,64204.979999999996,,66824.45,68625.952,1626.3618,,18346.315,34347.9791,5498.9046,,,,,,,,,,,,,,,,5600.000000000001,,,,,,,,,,,,,,,,,,,,,,,,,,,,,,,348,,,,294,49,98,,,,,,49,1057,28,371,96,,,,,,,,,,,,,504,75,116,,,,,,,,,,,,,,,,,,,,,,,,,,,,,,,,,,,,,,,,,,,,,,,,,,,118931,
[3821],RIFT VOLCANICS,MEXICAN BASIN AND RANGE / EASTERN MEXICAN BASIN AND RANGE / SAN LUIS POTOSI / VENTURA-ESPIRITU SANTO VOLCANIC FIELD,"LA JOYA HONDA MAAR, LOWER SE CRATER WALL",22.417,22.417,-100.783,-100.783,SUBAERIAL,,,s SLP-25 [3821],BASALT [3821],,,,,,,,,VOLCANIC ROCK,,,,,WHOLE_ROCK [3821] ,226986.43600000002,16481.85,,81610.5042,,33011.68,46171.62,,68897.08,36785.439999999995,1161.687,,13531.445,23294.3098,3316.7996000000003,,,,,,,,,,,,,,,,11800.,,,,,,,,,,,,,,,,,,,,,,,,,,,,,,,191,,,,115,47,95,,,,,,28,755,26,263,52,,,,,,,,,,,,,3255,21,71,,,,,,,,,,,,,,,,,,,,,,,,,,,,,,,,,,,,,,,,,,,,,,,,,,,118934,
[3821],RIFT VOLCANICS,MEXICAN BASIN AND RANGE / EASTERN MEXICAN BASIN AND RANGE / SAN LUIS POTOSI / VENTURA-ESPIRITU SANTO VOLCANIC FIELD,"LA JOYA HONDA MAAR, UPPER SE CRATER WALL",22.415,22.415,-100.783,-100.783,SUBAERIAL,,,s SLP-26 [3821],BASANITE [3821],,,,,,,,VESICULAR [3821] ,VOLCANIC ROCK,,,SLIGHTLY ALTERED,,WHOLE_ROCK [3821] ,198519.64450000002,15343.104,,59911.213200000006,,23290.02,65759.58,,62822.13,92265.12,1548.9160000000002,,14859.685,23145.9384,4756.9889,,,,,,,,,,,,,,,,11100.000000000002,,,,,,,,,,,,,,,,,,,,,,,,,,,,,,,747,,,,480,58,106,,,,,,32,893,23,309,77,,,,,,,,,,,,,403,50,87,,,,,,,,,,,,,,,,,,,,,,,,,,,,,,,,,,,,,,,,,,,,,,,,,,,118935,
[3821],RIFT VOLCANICS,MEXICAN BASIN AND RANGE / EASTERN MEXICAN BASIN AND RANGE / SAN LUIS POTOSI / VENTURA-ESPIRITU SANTO VOLCANIC FIELD,"ESPIRITU SANTO AREA, CERRO LA CAMPANA, JUST E OF MALPASO AND NE OF CUCAMO",22.61,22.61,-101.132,-101.132,SUBAERIAL,,,s SLP-28 [3821],BASANITE [3821],,,,,,,,,VOLCANIC ROCK,,,,,WHOLE_ROCK [3821] ,201137.28050000002,18040.134,,68114.60369999999,,21961.16,74776.26,,60606.560000000005,61690.992,1626.3618,,19093.449999999997,34273.7934,5804.3993,,,,,,,,,,,,,,,,5300.,,,,,,,,,,,,,,,,,,,,,,,,,,,,,,,292,,,,224,44,106,,,,,,43,1089,26,413,89,,,,,,,,,,,,,448,69,109,,,,,,,,,,,,,,,,,,,,,,,,,,,,,,,,,,,,,,,,,,,,,,,,,,,118936,
[3821],RIFT VOLCANICS,MEXICAN BASIN AND RANGE / EASTERN MEXICAN BASIN AND RANGE / SAN LUIS POTOSI / VENTURA-ESPIRITU SANTO VOLCANIC FIELD,"ESPIRITU SANTO AREA, CONE 7 KM SSE OF ESPIRITU SANTO",22.555,22.555,-101.4,-101.4,SUBAERIAL,,,s SLP-29 [3821],BASANITE [3821],,,,,,,,,VOLCANIC ROCK,,,,,WHOLE_ROCK [3821] ,203567.9425,18279.87,,72136.9113,,23849.54,75320.37,,61607.13999999999,48122.592,1626.3618,,20421.69,32196.5938,5498.9046,,,,,,,,,,,,,,,,13700.000000000002,,,,,,,,,,,,,,,,,,,,,,,,,,,,,,,142,,,,139,39,114,,,,,,42,1124,27,387,85,,,,,,,,,,,,,588,55,106,,,,,,,,,,,,,,,,,,,,,,,,,,,,,,,,,,,,,,,,,,,,,,,,,,,118937,
[3821],RIFT VOLCANICS,MEXICAN BASIN AND RANGE / EASTERN MEXICAN BASIN AND RANGE / SAN LUIS POTOSI / VENTURA-ESPIRITU SANTO VOLCANIC FIELD,"ESPIRITU SANTO AREA, CERRO EL TECOMATE",22.563,22.563,-101.613,-101.613,SUBAERIAL,,,s SLP-30 [3821],BASANITE [3821],,,,,,,,,VOLCANIC ROCK,,,,,WHOLE_ROCK [3821] ,209223.90600000002,18219.935999999998,,76953.0954,,39935.74,56431.979999999996,,57890.7,39197.6,1626.3618,,23742.289999999997,35164.0218,5062.4836,,,,,,,,,,,,,,,,14100.,,,,,,,,,,,,,,,,,,,,,,,,,,,,,,,76,,,,90,34,111,,,,,,67,1184,27,433,84,,,,,,,,,,,,,454,53,110,,,,,,,,,,,,,,,,,,,,,,,,,,,,,,,,,,,,,,,,,,,,,,,,,,,118938,
[3821],RIFT VOLCANICS,MEXICAN BASIN AND RANGE / EASTERN MEXICAN BASIN AND RANGE / SAN LUIS POTOSI / VENTURA-ESPIRITU SANTO VOLCANIC FIELD,"LA JOYUELA MAAR, LOWER NW CRATER WALL",22.365,22.365,-100.785,-100.785,SUBAERIAL,,,s SLP-31 [3821],BASANITE [3821],,,,,,,,,VOLCANIC ROCK,,,,,WHOLE_ROCK [3821] ,195574.80400000003,17380.859999999997,,58958.561400000006,,24479.,67780.56000000001,,68253.85,93833.02399999999,1471.4702,,7637.38,25223.138,3796.8627,,,,,,,,,,,,,,,,20700.,,,,,,,,,,,,,,,,,,,,,,,,,,,,,,,696,,,,450,47,81,,,,,,18,828,21,272,66,,,,,,,,,,,,,399,37,67,,,,,,,,,,,,,,,,,,,,,,,,,,,,,,,,,,,,,,,,,,,,,,,,,,,118939,
[3821],RIFT VOLCANICS,MEXICAN BASIN AND RANGE / EASTERN MEXICAN BASIN AND RANGE / SAN LUIS POTOSI / VENTURA-ESPIRITU SANTO VOLCANIC FIELD,"LA JOYUELA MAAR, UPPER NW CRATER WALL",22.368,22.368,-100.785,-100.785,SUBAERIAL,,,s SLP-32 [3821],"NEPHELINITE, OLIVINE [3821]",,,,,,,,,VOLCANIC ROCK,,,,,WHOLE_ROCK [3821] ,195574.80400000003,18459.672,,62716.243500000004,,25877.800000000003,69646.08,,63465.36000000001,79842.496,1626.3618,,19093.449999999997,29303.3515,5106.1257,,,,,,,,,,,,,,,,6100.,,,,,,,,,,,,,,,,,,,,,,,,,,,,,,,497,,,,369,46,105,,,,,,37,1014,24,348,89,,,,,,,,,,,,,453,57,106,,,,,,,,,,,,,,,,,,,,,,,,,,,,,,,,,,,,,,,,,,,,,,,,,,,118940,
[3821],RIFT VOLCANICS,MEXICAN BASIN AND RANGE / EASTERN MEXICAN BASIN AND RANGE / SAN LUIS POTOSI / VENTURA-ESPIRITU SANTO VOLCANIC FIELD,"LA JOYUELA MAAR, UPPER NW CRATER WALL",22.368,22.368,-100.785,-100.785,SUBAERIAL,,,s SLP-33 [3821],BASANITE [3821],,,,,,,,,VOLCANIC ROCK,,,,,WHOLE_ROCK [3821] ,200950.30650000004,18279.87,,64303.9965,,28325.699999999997,67625.09999999999,,63965.649999999994,74535.74399999999,1548.9160000000002,,17433.15,30416.136999999995,4800.631,,,,,,,,,,,,,,,,3600.,,,,,,,,,,,,,,,,,,,,,,,,,,,,,,,487,,,,356,48,97,,,,,,44,991,29,347,90,,,,,,,,,,,,,469,60,108,,,,,,,,,,,,,,,,,,,,,,,,,,,,,,,,,,,,,,,,,,,,,,,,,,,118941,
[3821],RIFT VOLCANICS,MEXICAN BASIN AND RANGE / EASTERN MEXICAN BASIN AND RANGE / SAN LUIS POTOSI / VENTURA-ESPIRITU SANTO VOLCANIC FIELD,"SE OF LA JOYA HONDA, ALONG HIGHWAY 57",22.397,22.397,-100.762,-100.762,SUBAERIAL,,,s SLP-35 [3821],"BASALT, ALKALINE, OLIVINE [3821]",,,,,,,,,VOLCANIC ROCK,,,,,WHOLE_ROCK [3821] ,220676.06350000002,15582.84,,75312.4173,,21751.34,64904.549999999996,,66538.57,55359.07199999999,1471.4702,,12535.265,25445.6951,3098.5890999999997,,,,,,,,,,,,,,,,6400.,,,,,,,,,,,,,,,,,,,,,,,,,,,,,,,222,,,,162,54,88,,,,,,26,720,25,245,47,,,,,,,,,,,,,396,35,62,,,,,,,,,,,,,,,,,,,,,,,,,,,,,,,,,,,,,,,,,,,,,,,,,,,118943,
[3821],RIFT VOLCANICS,MEXICAN BASIN AND RANGE / EASTERN MEXICAN BASIN AND RANGE / SAN LUIS POTOSI / VENTURA-ESPIRITU SANTO VOLCANIC FIELD,"VENTURA AREA, ROAD ABOUT 1 KM SE OF POZO DEL CARMEN",22.297,22.297,-100.602,-100.602,SUBAERIAL,,,s SLP-36 [3821],BASANITE [3821],,,,,,,,,VOLCANIC ROCK,,,,,WHOLE_ROCK [3821] ,213944.99950000003,17620.595999999998,,75577.0428,,22520.68,66692.34,,66181.22,51379.007999999994,1471.4702,,16769.03,29080.7944,4189.6416,,,,,,,,,,,,,,,,12200.,,,,,,,,,,,,,,,,,,,,,,,,,,,,,,,187,,,,158,56,109,,,,,,35,894,27,321,71,,,,,,,,,,,,,470,43,83,,,,,,,,,,,,,,,,,,,,,,,,,,,,,,,,,,,,,,,,,,,,,,,,,,,118944,
[3821],RIFT VOLCANICS,MEXICAN BASIN AND RANGE / EASTERN MEXICAN BASIN AND RANGE / SAN LUIS POTOSI / VENTURA-ESPIRITU SANTO VOLCANIC FIELD,"VENTURA AREA, JUST SE OF PASO DEL AGUILA",22.27,22.27,-100.572,-100.572,SUBAERIAL,,,s SLP-37 [3821],BASANITE [3821],,,,,,,,,VOLCANIC ROCK,,,,,WHOLE_ROCK [3821] ,208008.575,19418.616,,72983.7129,,18673.98,74154.42,,67682.09000000001,51620.224,1548.9160000000002,,18429.33,29971.0228,4887.9152,,,,,,,,,,,,,,,,6500.,,,,,,,,,,,,,,,,,,,,,,,,,,,,,,,175,,,,143,58,102,,,,,,39,1009,27,366,80,,,,,,,,,,,,,546,52,108,,,,,,,,,,,,,,,,,,,,,,,,,,,,,,,,,,,,,,,,,,,,,,,,,,,118945,
[3821],RIFT VOLCANICS,MEXICAN BASIN AND RANGE / EASTERN MEXICAN BASIN AND RANGE / SAN LUIS POTOSI / SANTO DOMINGO VOLCANIC FIELD,JUST INSIDE SW RIM OF CRATER,22.207,22.207,-100.632,-100.632,SUBAERIAL,,,s SLP-38 [3821],BASANITE [3821],,,,,,,,,VOLCANIC ROCK,,,,,WHOLE_ROCK [3821] ,199828.46250000002,17740.464,,63933.520800000006,,21821.280000000002,78740.49,,65323.58,69108.384,1626.3618,,16603.,29674.28,4582.4205,,,,,,,,,,,,,,,,10200.,,,,,,,,,,,,,,,,,,,,,,,,,,,,,,,411,,,,373,60,114,,,,,,41,905,29,339,88,,,,,,,,,,,,,460,51,97,,,,,,,,,,,,,,,,,,,,,,,,,,,,,,,,,,,,,,,,,,,,,,,,,,,118946,
[3821],RIFT VOLCANICS,MEXICAN BASIN AND RANGE / EASTERN MEXICAN BASIN AND RANGE / SAN LUIS POTOSI / SANTO DOMINGO VOLCANIC FIELD,"LA JOYA PRIETA MAAR, ABOUT 15 M BELOW SOUTH CRATER RIM",22.95,22.95,-100.228,-100.228,SUBAERIAL,,,s SLP-3 [3821],BASANITE [3821],,,,,,,,,VOLCANIC ROCK,,,,,WHOLE_ROCK [3821] ,,,,,,,,98017.53,60749.5,,,,,27671.266099999997,,,,,,,,,,,,,,,,,,,,,,,,,,,,,,,,,,,,,,,,,,,,,20.2,,,157,,,47.2,84,,96,,,,,,43,710,,300,,,,,,,,,,,,,0,490,33.5,63.8,,30,7.96,2.29,,0.95,,,,,2.22,0.291,5.77,3.55,,,,,,,,,,,3.5,0,,,,,,,,,,,,,,,,,,,,,,,,,119033,
[3821],RIFT VOLCANICS,MEXICAN BASIN AND RANGE / EASTERN MEXICAN BASIN AND RANGE / SAN LUIS POTOSI / SANTO DOMINGO VOLCANIC FIELD,"LA JOYA DE LOS CONTRERAS MAAR, NORTH SIDE OF CRATER",22.9,22.9,-100.278,-100.278,SUBAERIAL,,,s SLP-6 [3821],BASANITE [3821],,,,,,,,,VOLCANIC ROCK,,,,,WHOLE_ROCK [3821] ,,,,,,,,91721.40000000001,66467.1,,,,,32344.965200000002,,,,,,,,,,,,,,,,,,,,,,,,,,,,,,,,,,,,,,,,,,,,,13.2,,,228,,,38.8,151,,,,,,,1.8,40,853,,310,,,,,,,,,,0.08,,,0.52,469,45,89.1,,39,8.71,2.72,,1.06,,,,,2.12,0.272,7.39,4.31,0.9,,,,,,,,,,4.9,1.77,,,,,,,,,,,,,,,,,,,,,,,,,119036,
[3821],RIFT VOLCANICS,MEXICAN BASIN AND RANGE / EASTERN MEXICAN BASIN AND RANGE / SAN LUIS POTOSI / SANTO DOMINGO VOLCANIC FIELD,"LA JOYA DE LOS CONTRERAS MAAR, NORTH SIDE OF CRATER",22.902,22.902,-100.283,-100.283,SUBAERIAL,,,s SLP-7 [3821],BASANITE [3821],,,,,,,,,VOLCANIC ROCK,,,SLIGHTLY ALTERED,,WHOLE_ROCK [3821] ,,,,,,,,98095.26,74328.8,,,,,22255.71,,,,,,,,,,,,,,,,,,,,,,,,,,,,,,,,,,,,,,,,,,,,,17,,,86.9,,,50.6,81,,,,,,,1.73,23.4,791,,236,,,,,,,,,,0.055,,,0.4,374,31.4,64.5,,32,7.35,2.39,,0.99,,,,,1.62,0.217,5.84,3.44,1.4,,,,,,,,,,3.32,1,,,,,,,,,,,,,,,,,,,,,,,,,119037,
[3821],RIFT VOLCANICS,MEXICAN BASIN AND RANGE / EASTERN MEXICAN BASIN AND RANGE / SAN LUIS POTOSI / SANTO DOMINGO VOLCANIC FIELD,"LA JOYA DE LOS CONTRERAS MAAR, SE CRATER RIM",22.892,22.892,-100.278,-100.278,SUBAERIAL,,,s SLP-8 [3821],BASANITE [3821],,,,,,,,,VOLCANIC ROCK,,,,,WHOLE_ROCK [3821] ,,,,,,,,95996.55,44311.4,,,,,35164.0218,,,,,,,,,,,,,,,,,,,,,,,,,,,,,,,,,,,,,,,,,,,,,11.7,,,251,,,37.6,174,,124,,,,,,50,980,,280,,,,,,,,,,,,,0.64,650,52.5,96,,41,9.77,2.85,,1.13,,,,,2.14,0.316,7.52,5.4,,,,,,,,,,,5.83,1.49,,,,,,,,,,,,,,,,,,,,,,,,,119038,
[3821],RIFT VOLCANICS,MEXICAN BASIN AND RANGE / EASTERN MEXICAN BASIN AND RANGE / SAN LUIS POTOSI / SANTO DOMINGO VOLCANIC FIELD,JUST NNW OF SAN RAFAEL MATRIZ,22.647,22.647,-99.927,-99.927,SUBAERIAL,,,s SLP-15 [3821],BASANITE [3821],,,,,,,,,VOLCANIC ROCK,,,,,WHOLE_ROCK [3821] ,,,,,,,,82937.91,60034.8,,,,,28932.423,,,,,,,,,,,,,,,,,,,,,,,,,,,,,,,,,,,,,,,,,,,,,21.5,,,294,,,42.9,96,,101,,,,,,38,690,,230,,,,,,,,,,,,,0,370,35.1,61.6,,34,7.32,2.07,,1,,,,,1.98,0.327,4.94,3.09,,,,,,,,,,,5.03,1.27,,,,,,,,,,,,,,,,,,,,,,,,,119041,
[3821],RIFT VOLCANICS,MEXICAN BASIN AND RANGE / EASTERN MEXICAN BASIN AND RANGE / SAN LUIS POTOSI / VENTURA-ESPIRITU SANTO VOLCANIC FIELD,"VENTURA AREA, CERRO VERDE, ABOUT 6 KM WNW OF SAN LORENZO",22.57,22.57,-100.683,-100.683,SUBAERIAL,,,s SLP-19 [3821],BASANITE [3821],,,,,,,,,VOLCANIC ROCK,,,,,WHOLE_ROCK [3821] ,,,,,,,,99028.02,72184.7,,,,,34793.0933,,,,,,,,,,,,,,,,,,,,,,,,,,,,,,,,,,,,,,,,,,,,,18,,,329,,,52.8,241,,127,,,,,,38,1420,,390,,,,,,,,,,,,,0.6,580,73.1,131,,55,13.8,3.85,,1.38,,,,,2.13,0.297,8.3,7.69,,,,,,,,,,,8.68,2.6,,,,,,,,,,,,,,,,,,,,,,,,,119042,
[3821],RIFT VOLCANICS,MEXICAN BASIN AND RANGE / EASTERN MEXICAN BASIN AND RANGE / SAN LUIS POTOSI / VENTURA-ESPIRITU SANTO VOLCANIC FIELD,"VENTURA AREA, CERRO VERDE, ABOUT 6 KM WNW OF SAN LORENZO",22.57,22.57,-100.683,-100.683,SUBAERIAL,,,s SLP-19 [3821],BASANITE [3821],,,,,,,,,VOLCANIC ROCK,,,,,WHOLE_ROCK [3821] ,,,,,,,,93276,82905.2,,,,,32270.779499999997,,,,,,,,,,,,,,,,,,,,,,,,,,,,,,,,,,,,,,,,,,,,,17.5,,,304,,,51,250,,,,,,,1.1,34.7,1187,,395,,,,,,,,,,0.09,,,0.53,492,67.1,129.9,,58,12.51,3.87,,1.36,,,,,1.99,0.269,8.61,6.63,,,,,,,,,,,7.9,2.5,,,,,,,,,,,,,,,,,,,,,,,,,119043,
[3821],RIFT VOLCANICS,MEXICAN BASIN AND RANGE / EASTERN MEXICAN BASIN AND RANGE / SAN LUIS POTOSI / VENTURA-ESPIRITU SANTO VOLCANIC FIELD,"LA JOYA HONDA MAAR, LOWER SE CRATER WALL",22.417,22.417,-100.783,-100.783,SUBAERIAL,,,s SLP-25 [3821],BASALT [3821],,,,,,,,,VOLCANIC ROCK,,,,,WHOLE_ROCK [3821] ,,,,,,,,77341.34999999999,72899.4,,,,,23516.866899999997,,,,,,,,,,,,,,,,,,,,,,,,,,,,,,,,,,,,,,,,,,,,,23.2,,,248,,,38.1,107,,,,,,,1.9,29,784,,250,,,,,,,,,,0.09,,,1.88,3206,34.8,69.1,,36,7.58,2.48,,1.02,,,,,2.03,0.29,5.97,3.33,6.8,,,,,,,,,,3.96,1.28,,,,,,,,,,,,,,,,,,,,,,,,,119046,
[3821],RIFT VOLCANICS,MEXICAN BASIN AND RANGE / EASTERN MEXICAN BASIN AND RANGE / SAN LUIS POTOSI / VENTURA-ESPIRITU SANTO VOLCANIC FIELD,"LA JOYA HONDA MAAR, UPPER SE CRATER WALL",22.415,22.415,-100.783,-100.783,SUBAERIAL,,,s SLP-26 [3821],BASANITE [3821],,,,,,,,VESICULAR [3821] ,VOLCANIC ROCK,,,SLIGHTLY ALTERED,,WHOLE_ROCK [3821] ,,,,,,,,86979.87,69325.9,,,,,22700.8242,,,,,,,,,,,,,,,,,,,,,,,,,,,,,,,,,,,,,,,,,,,,,16.9,,,695,,,59.2,589,,,,,,,1.8,30.6,1021,,280,,,,,,,,,,0.1,,,0.56,400,55.3,105.5,,49,9.78,3.02,,1.07,,,,,1.88,0.248,6.5,5.11,,,,,,,,,,,6.98,2.07,,,,,,,,,,,,,,,,,,,,,,,,,119047,
[3821],RIFT VOLCANICS,MEXICAN BASIN AND RANGE / EASTERN MEXICAN BASIN AND RANGE / SAN LUIS POTOSI / VENTURA-ESPIRITU SANTO VOLCANIC FIELD,"ESPIRITU SANTO AREA, CERRO LA CAMPANA, JUST E OF MALPASO AND NE OF CUCAMO",22.61,22.61,-101.132,-101.132,SUBAERIAL,,,s SLP-28 [3821],BASANITE [3821],,,,,,,,,VOLCANIC ROCK,,,,,WHOLE_ROCK [3821] ,,,,,,,,99028.02,70755.3,,,,,37167.0357,,,,,,,,,,,,,,,,,,,,,,,,,,,,,,,,,,,,,,,,,,,,,17.1,,,352,,,50.9,250,,130,,,,,,51,1290,,380,,,,,,,,,,,,,0.59,520,67.5,119,,62,12.9,3.57,,1.32,,,,,2.36,0.317,8.42,7.13,,,,,,,,,,,8.4,2.6,,,,,,,,,,,,,,,,,,,,,,,,,119049,
[3826],RIFT VOLCANICS,MEXICAN BASIN AND RANGE / EASTERN MEXICAN BASIN AND RANGE / SAN LUIS POTOSI / VENTURA-ESPIRITU SANTO VOLCANIC FIELD,"LA JOYA HONDA MAAR, POSTMAAR",22.412,22.412,-100.782,-100.782,SUBAERIAL,,,s SLP-34_LEACHED [3826],BASANITE [3826],,,,,,,,,VOLCANIC ROCK,,,,,WHOLE_ROCK [3826] ,,,,,,,,,,,,,,,,,,,,,,,,,,,,,,,,,,,,,,,,,,,,,,,,,,,,,,,,,,,,,,,,,,,,,,,,,,41.2,1098,,,,,,,,,,,,,,,,,,,,60.2,12,,,,,,,,,,,,,,,,,,,,,,,,,,,0.702908,,,,,,,,,,,,,,,,,,,,,119400,
[3826],RIFT VOLCANICS,MEXICAN BASIN AND RANGE / EASTERN MEXICAN BASIN AND RANGE / SAN LUIS POTOSI / VENTURA-ESPIRITU SANTO VOLCANIC FIELD,"LA JOYA HONDA MAAR, POSTMAAR",22.412,22.412,-100.782,-100.782,SUBAERIAL,,,s SLP-24_LEACHED [3826],BASANITE [3826],,,,,,,,,VOLCANIC ROCK,,,,,WHOLE_ROCK [3826] ,,,,,,,,,,,,,,,,,,,,,,,,,,,,,,,,,,,,,,,,,,,,,,,,,,,,,,,,,,,,,,,,,,,,,,,,,,47.4,1123,,,,,,,,,,,,,,,,,,,,59,11.4,,,,,,,,,,,,,,,,,,,,,,,,,,,0.702955,,,,,,,,,,,,,,,,,,,,,119401,
[3826],RIFT VOLCANICS,MEXICAN BASIN AND RANGE / EASTERN MEXICAN BASIN AND RANGE / SAN LUIS POTOSI / VENTURA-ESPIRITU SANTO VOLCANIC FIELD,"VENTURA AREA, CERRO VERDE, ABOUT 6 KM WNW OF SAN LORENZO",22.57,22.57,-100.683,-100.683,SUBAERIAL,,,s SLP-19_LEACHED [3826],BASANITE [3826],,,,,,,,,VOLCANIC ROCK,,,,,WHOLE_ROCK [3826] ,,,,,,,,,,,,,,,,,,,,,,,,,,,,,,,,,,,,,,,,,,,,,,,,,,,,,,,,,,,,,,,,,,,,,,,,,,39.2,1259,,,,,,,,,,,,,,,,,,,,70.1,14.1,,,,,,,,,,,,,,,,,,,,,,,,,,,0.70291,,,,,,,,,,,,,,,,,,,,,119402,
[3826],RIFT VOLCANICS,MEXICAN BASIN AND RANGE / EASTERN MEXICAN BASIN AND RANGE / SAN LUIS POTOSI / VENTURA-ESPIRITU SANTO VOLCANIC FIELD,"LA JOYA HONDA MAAR, UPPER SE CRATER WALL",22.415,22.415,-100.783,-100.783,SUBAERIAL,,,s SLP-26_LEACHED [3826],BASANITE [3826],,,,,,,,,VOLCANIC ROCK,,,,,WHOLE_ROCK [3826] ,,,,,,,,,,,,,,,,,,,,,,,,,,,,,,,,,,,,,,,,,,,,,,,,,,,,,,,,,,,,,,,,,,,,,,,,,,40.6,1184,,,,,,,,,,,,,,,,,,,,65,13,,,,,,,,,,,,,,,,,,,,,,,,,,,0.702983,,,,,,,,,,,,,,,,,,,,,119404,
[3826],RIFT VOLCANICS,MEXICAN BASIN AND RANGE / EASTERN MEXICAN BASIN AND RANGE / SAN LUIS POTOSI / VENTURA-ESPIRITU SANTO VOLCANIC FIELD,"ESPIRITU SANTO AREA, CERRO LA CAMPANA, JUST E OF MALPASO AND NE OF CUCAMO",22.61,22.61,-101.132,-101.132,SUBAERIAL,,,s SLP-28_LEACHED [3826],BASANITE [3826],,,,,,,,,VOLCANIC ROCK,,,,,WHOLE_ROCK [3826] ,,,,,,,,,,,,,,,,,,,,,,,,,,,,,,,,,,,,,,,,,,,,,,,,,,,,,,,,,,,,,,,,,,,,,,,,,,41,1139,,,,,,,,,,,,,,,,,,,,62,12.3,,,,,,,,,,,,,,,,,,,,,,,,,,,0.702939,,,,,,,,,,,,,,,,,,,,,119406,
[3826],RIFT VOLCANICS,MEXICAN BASIN AND RANGE / EASTERN MEXICAN BASIN AND RANGE / SAN LUIS POTOSI / VENTURA-ESPIRITU SANTO VOLCANIC FIELD,"LA JOYA HONDA MAAR, CONE ABOUT 1 KM NE FROM CRATER RIM",22.42,22.42,-100.775,-100.775,SUBAERIAL,,,s SLP-23_LEACHED [3826],BASANITE [3826],,,,,,,,,VOLCANIC ROCK,,,,,WHOLE_ROCK [3826] ,,,,,,,,,,,,,,,,,,,,,,,,,,,,,,,,,,,,,,,,,,,,,,,,,,,,,,,,,,,,,,,,,,,,,,,,,,27.2,714,,,,,,,,,,,,,,,,,,,,30.1,7.9,,,,,,,,,,,,,,,,,,,,,,,,,,,0.70353,,,,,,,,,,,,,,,,,,,,,119407,
[3826],RIFT VOLCANICS,MEXICAN BASIN AND RANGE / EASTERN MEXICAN BASIN AND RANGE / SAN LUIS POTOSI / VENTURA-ESPIRITU SANTO VOLCANIC FIELD,"LA JOYA HONDA MAAR, LOWER SE CRATER WALL",22.417,22.417,-100.783,-100.783,SUBAERIAL,,,s SLP-25_LEACHED [3826],BASANITE [3826],,,,,,,,,VOLCANIC ROCK,,,,,WHOLE_ROCK [3826] ,,,,,,,,,,,,,,,,,,,,,,,,,,,,,,,,,,,,,,,,,,,,,,,,,,,,,,,,,,,,,,,,,,,,,,,,,,29.4,701,,,,,,,,,,,,,,,,,,,,31.6,6.3,,,,,,,,,,,,,,,,,,,,,,,,,,,0.703603,,,,,,,,,,,,,,,,,,,,,119408,
[3826],RIFT VOLCANICS,MEXICAN BASIN AND RANGE / EASTERN MEXICAN BASIN AND RANGE / SAN LUIS POTOSI / SANTO DOMINGO VOLCANIC FIELD,"LA JOYA DE LOS CONTRERAS MAAR, NORTH SIDE OF CRATER",22.902,22.902,-100.283,-100.283,SUBAERIAL,,,s SLP-7_LEACHED [3826],BASANITE [3826],,,,,,,,,VOLCANIC ROCK,,,,,WHOLE_ROCK [3826] ,,,,,,,,,,,,,,,,,,,,,,,,,,,,,,,,,,,,,,,,,,,,,,,,,,,,,,,,,,,,,,,,,,,,,,,,,,23.9,718,,,,,,,,,,,,,,,,,,,,30.6,6.7,,,,,,,,,,,,,,,,,,,,,,,,,,,0.703148,,,,,,,,,,,,,,,,,,,,,119409,
[3826],RIFT VOLCANICS,MEXICAN BASIN AND RANGE / EASTERN MEXICAN BASIN AND RANGE / SAN LUIS POTOSI / SANTO DOMINGO VOLCANIC FIELD,"LA JOYA PRIETA MAAR, ABOUT 15 M BELOW SOUTH CRATER RIM",22.95,22.95,-100.228,-100.228,SUBAERIAL,,,s SLP-3_LEACHED [3826],BASANITE [3826],,,,,,,,,VOLCANIC ROCK,,,,,WHOLE_ROCK [3826] ,,,,,,,,,,,,,,,,,,,,,,,,,,,,,,,,,,,,,,,,,,,,,,,,,,,,,,,,,,,,,,,,,,,,,,,,,,31.1,568,,,,,,,,,,,,,,,,,,,,31.2,6.6,,,,,,,,,,,,,,,,,,,,,,,,,,,0.703052,,,,,,,,,,,,,,,,,,,,,119411,
[3826],RIFT VOLCANICS,MEXICAN BASIN AND RANGE / EASTERN MEXICAN BASIN AND RANGE / SAN LUIS POTOSI / SANTO DOMINGO VOLCANIC FIELD,"LA JOYA DE LOS CONTRERAS MAAR, NE RIM",22.897,22.897,-100.277,-100.277,SUBAERIAL,,,s SLP-5_LEACHED [3826],BASANITE [3826],,,,,,,,,VOLCANIC ROCK,,,,,WHOLE_ROCK [3826] ,,,,,,,,,,,,,,,,,,,,,,,,,,,,,,,,,,,,,,,,,,,,,,,,,,,,,,,,,,,,,,,,,,,,,,,,,,30.6,696,,,,,,,,,,,,,,,,,,,,35.8,7.4,,,,,,,,,,,,,,,,,,,,,,,,,,,0.70304,,,,,,,,,,,,,,,,,,,,,119412,
[3826],RIFT VOLCANICS,MEXICAN BASIN AND RANGE / EASTERN MEXICAN BASIN AND RANGE / SAN LUIS POTOSI / SANTO DOMINGO VOLCANIC FIELD,"LA JOYA DE LOS CONTRERAS MAAR, NORTH SIDE OF CRATER",22.9,22.9,-100.278,-100.278,SUBAERIAL,,,s SLP-6_LEACHED [3826],BASANITE [3826],,,,,,,,,VOLCANIC ROCK,,,,,WHOLE_ROCK [3826] ,,,,,,,,,,,,,,,,,,,,,,,,,,,,,,,,,,,,,,,,,,,,,,,,,,,,,,,,,,,,,,,,,,,,,,,,,,44.4,973,,,,,,,,,,,,,,,,,,,,45.5,10,,,,,,,,,,,,,,,,,,,,,,,,,,,0.703215,,,,,,,,,,,,,,,,,,,,,119414,
[3826],RIFT VOLCANICS,MEXICAN BASIN AND RANGE / EASTERN MEXICAN BASIN AND RANGE / SAN LUIS POTOSI / SANTO DOMINGO VOLCANIC FIELD,"LA JOYA DE LOS CONTRERAS MAAR, SE CRATER RIM",22.892,22.892,-100.278,-100.278,SUBAERIAL,,,s SLP-8_LEACHED [3826],BASANITE [3826],,,,,,,,,VOLCANIC ROCK,,,,,WHOLE_ROCK [3826] ,,,,,,,,,,,,,,,,,,,,,,,,,,,,,,,,,,,,,,,,,,,,,,,,,,,,,,,,,,,,,,,,,,,,,,,,,,51.5,898,,,,,,,,,,,,,,,,,,,,45.2,10.1,,,,,,,,,,,,,,,,,,,,,,,,,,,0.703075,,,,,,,,,,,,,,,,,,,,,119415,
[3826],RIFT VOLCANICS,MEXICAN BASIN AND RANGE / EASTERN MEXICAN BASIN AND RANGE / SAN LUIS POTOSI / SANTO DOMINGO VOLCANIC FIELD,JUST NNW OF SAN RAFAEL MATRIZ,22.647,22.647,-99.927,-99.927,SUBAERIAL,,,s SLP-15_LEACHED [3826],BASANITE [3826],,,,,,,,,VOLCANIC ROCK,,,,,WHOLE_ROCK [3826] ,,,,,,,,,,,,,,,,,,,,,,,,,,,,,,,,,,,,,,,,,,,,,,,,,,,,,,,,,,,,,,,,,,,,,,,,,,30.3,591,,,,,,,,,,,,,,,,,,,,31,6.6,,,,,,,,,,,,,,,,,,,,,,,,,,,0.703784,,,,,,,,,,,,,,,,,,,,,119416,
[3826],RIFT VOLCANICS,MEXICAN BASIN AND RANGE / EASTERN MEXICAN BASIN AND RANGE / SAN LUIS POTOSI / SANTO DOMINGO VOLCANIC FIELD,"JUST WEST OF LA POLVERA, CERRO EL APASTE",22.923,22.923,-100.338,-100.338,SUBAERIAL,,,s SLP-10_LEACHED [3826],BASANITE [3826],,,,,,,,,VOLCANIC ROCK,,,,,WHOLE_ROCK [3826] ,,,,,,,,,,,,,,,,,,,,,,,,,,,,,,,,,,,,,,,,,,,,,,,,,,,,,,,,,,,,,,,,,,,,,,,,,,19.6,465,,,,,,,,,,,,,,,,,,,,23.2,5.8,,,,,,,,,,,,,,,,,,,,,,,,,,,0.70362,,,,,,,,,,,,,,,,,,,,,119417,
[3826],RIFT VOLCANICS,MEXICAN BASIN AND RANGE / EASTERN MEXICAN BASIN AND RANGE / SAN LUIS POTOSI / SANTO DOMINGO VOLCANIC FIELD,"LA JOYA HONDA MAAR, SW CRATER WALL",22.413,22.413,-100.785,-100.785,SUBAERIAL,,,s SLP-106_LEACHED [3826],BASANITE [3826],,,,,,,,,VOLCANIC ROCK,,,,,WHOLE_ROCK [3826] ,,,,,,,,,,,,,,,,,,,,,,,,,,,,,,,,,,,,,,,,,,,,,,,,,,,,,,,,,,,,,,,,,,,,,,,,,,,,,,,,,,,,,,,,,,,,,,,,,,,,,,,,,,,,,,,,,,,,,,,,,,,0.702997,,,,,,,,,,,,,,,,,,,,,119423,
[3826],RIFT VOLCANICS,MEXICAN BASIN AND RANGE / EASTERN MEXICAN BASIN AND RANGE / SAN LUIS POTOSI / SANTO DOMINGO VOLCANIC FIELD,"LA JOYA HONDA MAAR, UPPER E RIM OF LA LAGUNA DE LOS PALAU",22.207,22.207,-100.307,-100.307,SUBAERIAL,,,s SLP-110_LEACHED [3826],BASANITE [3826],,,,,,,,,VOLCANIC ROCK,,,,,WHOLE_ROCK [3826] ,,,,,,,,,,,,,,,,,,,,,,,,,,,,,,,,,,,,,,,,,,,,,,,,,,,,,,,,,,,,,,,,,,,,,,,,,,,,,,,,,,,,,,,,,,,,,,,,,,,,,,,,,,,,,,,,,,,,,,,,,,,0.702985,,,,,,,,,,,,,,,,,,,,,119424,
[3826],RIFT VOLCANICS,MEXICAN BASIN AND RANGE / EASTERN MEXICAN BASIN AND RANGE / SAN LUIS POTOSI / SANTO DOMINGO VOLCANIC FIELD,"LA JOYA PRIETA MAAR, PREMAAR CONE IN N CRATER WALL",22.95,22.95,-100.225,-100.225,SUBAERIAL,,,s SLP-132_LEACHED [3826],BASANITE [3826],,,,,,,,,VOLCANIC ROCK,,,,,WHOLE_ROCK [3826] ,,,,,,,,,,,,,,,,,,,,,,,,,,,,,,,,,,,,,,,,,,,,,,,,,,,,,,,,,,,,,,,,,,,,,,,,,,,,,,,,,,,,,,,,,,,,,,,,,,,,,,,,,,,,,,,,,,,,,,,,,,,0.703176,,,,,,,,,,,,,,,,,,,,,119425,
[3826],RIFT VOLCANICS,MEXICAN BASIN AND RANGE / EASTERN MEXICAN BASIN AND RANGE / SAN LUIS POTOSI / SANTO DOMINGO VOLCANIC FIELD,NE RIM OF SANTO DOMINGO MAAR,22.878,22.878,-100.307,-100.307,SUBAERIAL,,,s SLP-133_LEACHED [3826],BASANITE [3826],,,,,,,,,VOLCANIC ROCK,,,,,WHOLE_ROCK [3826] ,,,,,,,,,,,,,,,,,,,,,,,,,,,,,,,,,,,,,,,,,,,,,,,,,,,,,,,,,,,,,,,,,,,,,,,,,,,,,,,,,,,,,,,,,,,,,,,,,,,,,,,,,,,,,,,,,,,,,,,,,,,0.703072,,,,,,,,,,,,,,,,,,,,,119426,
[3862][4189],RIFT VOLCANICS,MEXICAN BASIN AND RANGE / WESTERN MEXICAN BASIN AND RANGE (GULF EXTENSIONAL PROVINCE) / JALISCO / SAN SEBASTIAN VOLCANIC FIELD,,20.5,20.5,-103.3,-103.3,SUBAERIAL,,,s MAS196 [3862] / s MAS-196 [4189],ABSAROKITE [3862] / BASANITE [4189],,,,,,,,,VOLCANIC ROCK,,,,,WHOLE_ROCK [3862] ,227266.897,10488.449999999999,,69331.881,,26087.62,29148.75,,62607.72,60726.128,1084.2412000000002,,33538.06,17285.2681,5018.8414999999995,,11399.999999999998,2000.,,,,,,,,,,,,,,,,,,,,,,,,,,,,4.56,8.1,,,,,,,,,,,,,,150,252,,,,182,90,102,,,,,,57,2863,14,367,17,,,,,,,,,,,,,2969,94,161,,,,,,,,,,,,,,,,,,,,,,,,,,,,,,,,,,,,,,,,,,,,,,,,,,,12257-MAS196,
[3862][4189],RIFT VOLCANICS,MEXICAN BASIN AND RANGE / WESTERN MEXICAN BASIN AND RANGE (GULF EXTENSIONAL PROVINCE) / JALISCO / SAN SEBASTIAN VOLCANIC FIELD,,20.5,20.5,-103.3,-103.3,SUBAERIAL,,,s MAS198 [3862] / s MAS-198 [4189],MINETTE [3862] / BASANITE [4189],,,,,,,,,PLUTONIC ROCK,,,,,WHOLE_ROCK [3862] ,239981.12900000004,9169.902,,85050.6357,,26297.44,22697.16,,62822.13,40644.896,1006.7954,,28972.235,24481.281,3185.8732999999997,,8200.,500.,,,,,,,,,,,,,,,,,,,,,,,,,,,,2.98,4.8,,,,,,,,,,,,,,182,111,,,,102,63,80,,,,,,43,2331,22,247,12,,,,,,,,,,,,,2385,70,125,,,,,,,,,,,,,,,,,,,,,,,,,,,,,,,,,,,,,,,,,,,,,,,,,,,12257-MAS198,
[3862][4189],RIFT VOLCANICS,MEXICAN BASIN AND RANGE / WESTERN MEXICAN BASIN AND RANGE (GULF EXTENSIONAL PROVINCE) / JALISCO / SAN SEBASTIAN VOLCANIC FIELD,,20.5,20.5,-103.3,-103.3,SUBAERIAL,,,s MAS320 [3862] / s MAS-320 [4189],LAMPROPHYRE [3862] / BASANITE [4189],,,,,,,,,PLUTONIC ROCK,,,,,WHOLE_ROCK [3862] ,249189.59850000002,8390.759999999998,,84627.23490000001,,26227.5,23163.54,,51744.28,31237.471999999998,851.9038,,31794.745,29600.0943,3054.9469999999997,,5699.999999999999,1200.,,,,,,,,,,,,,,,,,,,,,,,,,,,,4.72,8.9,,,,,,,,,,,,,,115,116,,,,99,64,79,,,,,,40,2159,19,372,12,,,,,,,,,,,,,2679,53,91,,,,,,,,,,,,,,,,,,,,,,,,,,,,,,,,,,,,,,,,,,,,,,,,,,,12257-MAS320,
[3622],RIFT VOLCANICS,MEXICAN BASIN AND RANGE / EASTERN MEXICAN BASIN AND RANGE / SAN LUIS POTOSI / SANTO DOMINGO VOLCANIC FIELD,SANTO DOMINGO MAAR VENT,23.33,23.33,-101.75,-101.75,SUBAERIAL,,,s SLP-405 [3622],"LHERZOLITE, XENOLITH [3622]",,,,QUATERNARY [3622],,,,FLUIDAL MOSAIC PORPHYROCLASTIC [3622] ,MANTLE XENOLITH,,,,,WHOLE_ROCK [3622] ,208896.7015,659.274,,18523.785,2736.8,,,61328.969999999994,22584.52,236753.504,1006.7954,1807.3400000000001,0.,1557.8997,87.2842,,,,,,,,,,,,,,,,-3600.,,,,,,,,,,,,,,,,,,,,,,,,,,,,,,57,2603,,,96,2030,22,44,,,,,,,,0,18,,,,,,,,,,,,,,,,,,,,,,,,,,,,,,,,,,,,,,,,,,,,,,,,,,,,,,,,,,,,,,,,,,,12262-SLP-405,
[5639][5640],RIFT VOLCANICS,MEXICAN BASIN AND RANGE / WESTERN MEXICAN BASIN AND RANGE (GULF EXTENSIONAL PROVINCE) / SAN LUIS POTOSI / VENTURA-ESPIRITU SANTO VOLCANIC FIELD,LAGUNA DE LOS PALAU VENT,23.3,23.3,-102,-102,SUBAERIAL,,,s LP-1-85 [5639],PARAGNEISS [5639] / NOT GIVEN [5640],,,MIDDLE [5639],CENOZOIC [5639],,,,,METAMORPHIC ROCK,,,,,WHOLE_ROCK [5639] ,,,,,,,,,,,,,,,,,,,,,,,,,,,,,,,,,,,,,,,,,,,,,,,,,,,,,,,,,,,,,,,,,,,,,,,,,,3.55,679.5,,,,,,,,,,,,,,,,,,,,33.9,6.99,,,,,,,,,,,,,,,,,,,,,,,,0.512598,,,0.705225,,,,,,,,,,,,,,,,,,,,,12263-LP-1-85,
[5639][5640],RIFT VOLCANICS,MEXICAN BASIN AND RANGE / WESTERN MEXICAN BASIN AND RANGE (GULF EXTENSIONAL PROVINCE) / SAN LUIS POTOSI / VENTURA-ESPIRITU SANTO VOLCANIC FIELD,LAGUNA DE LOS PALAU VENT,23.3,23.3,-102,-102,SUBAERIAL,,,s LP-2-85 [5639],PARAGNEISS [5639] / NOT GIVEN [5640],,,MIDDLE [5639],CENOZOIC [5639],,,,,METAMORPHIC ROCK,,,,,WHOLE_ROCK [5639] ,298690.965,4375.182,,95794.43100000001,,,,28138.260000000002,37235.87,13085.967999999999,542.1206000000001,,7803.41,33383.565,654.6315,,,,,,,,,,,,,,,,,,,,,,,,,,,,,,,,,,,,,,,,,,,,,,,,,,,,,,,,,,,6.47,453,,,,,,,,,,,,,,,,,,,,13.39,2.46,,,,,,,,,,,,,,,,,,,,,,,,0.512608,,,0.70554,,,,,,,,,,,,,,,,,,,,,12263-LP-2-85,
[3622],RIFT VOLCANICS,MEXICAN BASIN AND RANGE / WESTERN MEXICAN BASIN AND RANGE (GULF EXTENSIONAL PROVINCE) / SAN LUIS POTOSI / VENTURA-ESPIRITU SANTO VOLCANIC FIELD,LAGUNA DE LOS PALAU VENT,23.3,23.3,-102,-102,SUBAERIAL,,,s SLP-114 [3622],"HARZBURGITE, XENOLITH [3622]",,,,QUATERNARY [3622],,,,COARSE EQUANT [3622] ,MANTLE XENOLITH,,,,,WHOLE_ROCK [3622] ,203567.9425,0.,,3598.9068,2052.6,,,61795.35,4859.96,276614.448,1006.7954,2435.98,0.,370.9285,0.,,,,,,,,,,,,,,,,-4900.,,,,,,,,,,,,,,,,,,,,,,,,,,,,,,27,2748,,,118,2567,0,49,,,,,,,,0,0,,,,,,,,,,,,,,,,,,,,,,,,,,,,,,,,,,,,,,,,,,,,,,,,,,,,,,,,,,,,,,,,,,,12263-SLP-114,
[3622],RIFT VOLCANICS,MEXICAN BASIN AND RANGE / WESTERN MEXICAN BASIN AND RANGE (GULF EXTENSIONAL PROVINCE) / SAN LUIS POTOSI / VENTURA-ESPIRITU SANTO VOLCANIC FIELD,LAGUNA DE LOS PALAU VENT,23.3,23.3,-102,-102,SUBAERIAL,,,s SLP-400 [3622],"LHERZOLITE, PHLOGOPITE, XENOLITH [3622]",,,,QUATERNARY [3622],,,,"LAMINATED, GRANULOBLASTIC TABULAR [3622] ",MANTLE XENOLITH,,,,,WHOLE_ROCK [3622] ,194639.934,1258.6139999999998,,17253.582599999998,3284.16,,,111542.55,14008.119999999999,221074.46399999998,1626.3618,1257.28,1494.27,816.0427,174.5684,,,,,,,,,,,,,,,,-10800.,,,,,,,,,,,,,,,,,,,,,,,,,,,,,,40,3200,,,138,1330,15,136,,,,,,,,7,39,,,,,,,,,,,,,,,,,,,,,,,,,,,,,,,,,,,,,,,,,,,,,,,,,,,,,,,,,,,,,,,,,,,12263-SLP-400,
[3622],RIFT VOLCANICS,MEXICAN BASIN AND RANGE / WESTERN MEXICAN BASIN AND RANGE (GULF EXTENSIONAL PROVINCE) / SINALOA / MESA CACAXTA VOLCANIC FIELD,PUNTA PIAXTLA VENT,23.5,23.5,-107,-107,SUBAERIAL,,,s SIN-3 [3622],"LHERZOLITE, XENOLITH [3622]",,,,QUATERNARY [3622],,,,PORPHYROCLASTIC [3622] ,MANTLE XENOLITH,,,,,WHOLE_ROCK [3622] ,208709.7275,1018.878,,15189.503700000001,2531.54,,,62494.91999999999,30374.75,227587.296,1006.7954,1885.9199999999998,83.015,1483.714,87.2842,,,,,,,,,,,,,,,,3200.,,,,,,,,,,,,,,,,,,,,,,,,,,,,,,82,2579,,,104,1989,57,51,,,,,,,,0,0,,,,,,,,,,,,,,,,,,,,,,,,,,,,,,,,,,,,,,,,,,,,,,,,,,,,,,,,,,,,,,,,,,,12265-SIN-3,
[3622],RIFT VOLCANICS,MEXICAN BASIN AND RANGE / WESTERN MEXICAN BASIN AND RANGE (GULF EXTENSIONAL PROVINCE) / BAJA CALIFORNIA / SAN QUINTIN VOLCANIC FIELD-BASU,MEDIA LUNA VENT,30.47,30.47,-115.97,-115.97,SUBAERIAL,,,s BCN-130 [3622],"LHERZOLITE, XENOLITH [3622]",,,,QUATERNARY [3622],,,,"LAMINATED, FLUIDAL PORPHYROCLASTIC [3622] ",MANTLE XENOLITH,,,,,WHOLE_ROCK [3622] ,208008.575,659.274,,17094.8073,2531.54,,,68635.59,22584.52,232713.136,1084.2412000000002,1885.9199999999998,0.,1780.4568,87.2842,,,,,,,,,,,,,,,,-4300.,,,,,,,,,,,,,,,,,,,,,,,,,,,,,,68,2538,,,106,1922,15,58,,,,,,,,0,0,,,,,,,,,,,,,,,,,,,,,,,,,,,,,,,,,,,,,,,,,,,,,,,,,,,,,,,,,,,,,,,,,,,12266-BCN-130,
[3622][12428],RIFT VOLCANICS,MEXICAN BASIN AND RANGE / WESTERN MEXICAN BASIN AND RANGE (GULF EXTENSIONAL PROVINCE) / BAJA CALIFORNIA / SAN QUINTIN VOLCANIC FIELD-BASU,MEDIA LUNA VENT,30.47,30.47,-115.97,-115.97,SUBAERIAL,,,s BCN-200 [3622] / s BCN200 [12428],"LHERZOLITE, XENOLITH [3622]",,,,QUATERNARY [3622],,,,"LAMINATED, FLUIDAL PORPHYROCLASTIC [3622] ",MANTLE XENOLITH,,,,,WHOLE_ROCK [3622] ,212589.438,899.0099999999999,,20693.7141,2531.54,,,61484.43,32090.030000000002,219868.384,1084.2412000000002,1650.1799999999998,0.,1780.4568,87.2842,,,,,,,,,,,,,,,,-3700.,,,,,,,,,,,,,,,,,,,,,,,,,,,,,,79,2415,,,97,1877,6,46,,,,,,,,6,11,,,,,,,,,,,,,,,,,,,,,,,,,,,,,,,,0.000106,0.0012,,,,,,,,,,,,,,,,,,,,,,,,0.13205,,0.425,,,,,,,,12266-BCN-200,
[3622],RIFT VOLCANICS,MEXICAN BASIN AND RANGE / WESTERN MEXICAN BASIN AND RANGE (GULF EXTENSIONAL PROVINCE) / BAJA CALIFORNIA / SAN QUINTIN VOLCANIC FIELD-BASU,MEDIA LUNA VENT,30.47,30.47,-115.97,-115.97,SUBAERIAL,,,s BCN-201 [3622],"LHERZOLITE, XENOLITH [3622]",,,,QUATERNARY [3622],,,,"LAMINATED, FLUIDAL PORPHYROCLASTIC [3622] ",MANTLE XENOLITH,,,,,WHOLE_ROCK [3622] ,206138.83500000002,539.406,,13654.6758,2463.12,,,63505.409999999996,16866.92,251347.072,1006.7954,1964.5,0.,1335.3426,130.9263,,,,,,,,,,,,,,,,-5600.000000000001,,,,,,,,,,,,,,,,,,,,,,,,,,,,,,54,2573,,,100,2148,10,50,,,,,,,,0,0,,,,,,,,,,,,,,,,,,,,,,,,,,,,,,,,,,,,,,,,,,,,,,,,,,,,,,,,,,,,,,,,,,,12266-BCN-201,
[3622][12428],RIFT VOLCANICS,MEXICAN BASIN AND RANGE / WESTERN MEXICAN BASIN AND RANGE (GULF EXTENSIONAL PROVINCE) / BAJA CALIFORNIA / SAN QUINTIN VOLCANIC FIELD-BASU,MEDIA LUNA VENT,30.47,30.47,-115.97,-115.97,SUBAERIAL,,,s BCN-203 [3622] / s BCN203 [12428],"LHERZOLITE, XENOLITH [3622]",,,,QUATERNARY [3622],,,,PORPHYROCLASTIC [3622] ,MANTLE XENOLITH,,,,,WHOLE_ROCK [3622] ,208990.18850000002,0.,,9579.4431,3078.9,,,59463.450000000004,11649.609999999999,258101.11999999997,929.3496,2043.0800000000002,0.,296.7428,130.9263,,,,,,,,,,,,,,,,-4400.,,,,,,,,,,,,,,,,,,,,,,,,,,,,,,36,2711,,,100,2369,0,47,,,,,,,,0,0,,,,,,,,,,,,,,,,,,,,,,,,,,,,,,,,0.000054,0.00139,,,,,,,,,,,,,,,,,,,,,,,,0.12292,,0.187,,,,,,,,12266-BCN203,
[3622],RIFT VOLCANICS,MEXICAN BASIN AND RANGE / EASTERN MEXICAN BASIN AND RANGE / SAN LUIS POTOSI / SANTO DOMINGO VOLCANIC FIELD,JOYA DE LOS CONTRERAS VENT,23.33,23.33,-101.75,-101.75,SUBAERIAL,,,s SLP-142 [3622],"LHERZOLITE, XENOLITH [3622]",,,,QUATERNARY [3622],,,,GRANULOBLASTIC EQUANT [3622] ,MANTLE XENOLITH,,,,,WHOLE_ROCK [3622] ,208195.549,539.406,,15401.2041,2599.96,,,62417.189999999995,20654.83,239889.312,1006.7954,2043.0800000000002,0.,1409.5283,43.6421,,,,,,,,,,,,,,,,-4100.,,,,,,,,,,,,,,,,,,,,,,,,,,,,,,60,2671,,,106,2099,10,50,,,,,,,,0,0,,,,,,,,,,,,,,,,,,,,,,,,,,,,,,,,,,,,,,,,,,,,,,,,,,,,,,,,,,,,,,,,,,,12271-SLP-142,
[3819][5641],RIFT VOLCANICS,MEXICAN BASIN AND RANGE / WESTERN MEXICAN BASIN AND RANGE (GULF EXTENSIONAL PROVINCE) / SAN LUIS POTOSI / VENTURA-ESPIRITU SANTO VOLCANIC FIELD / PACIFIC OCEAN,"JOYA HONDA MAAR, MESA CENTRAL",23.3,23.3,-102,-102,SUBAERIAL,,,s JH21 [3819],BASANITE [3819],,,,,,,,,VOLCANIC ROCK,,,,,WHOLE_ROCK [3819] ,199734.9755,16242.114,,60599.239499999996,,29864.379999999997,60707.13,,61035.38,86114.112,1394.0244,,16353.955,26484.294899999997,4713.3468,,,,,,,,,,,,,,,,6100.,,,,,,,,,,,,,,,,,,,,,,,,,,,,16,,204,724,,,61,565,,,,,,,,34,1257,31,295,94,,,,,,,,,,,,0.75,458,56.72,107.27,,69.22,14.39,2.98,,1.08,5.56,,,,1.74,0.22,6.5,5.4,,,,,,,,,,,6.4,1.9,0.512897,,,0.703083,,,,,,,,,,,,,,,,,,,,,12272-JH21,
[3819][5641],RIFT VOLCANICS,MEXICAN BASIN AND RANGE / WESTERN MEXICAN BASIN AND RANGE (GULF EXTENSIONAL PROVINCE) / SAN LUIS POTOSI / VENTURA-ESPIRITU SANTO VOLCANIC FIELD / PACIFIC OCEAN,"JOYA HONDA MAAR, MESA CENTRAL",23.3,23.3,-102,-102,SUBAERIAL,,,s JH4 [3819] / s JH 4 [5641],"LHERZOLITE, SPINEL, XENOLITH [3819]",,,,,,,,,MANTLE XENOLITH,,,,,WHOLE_ROCK [3819] ,206699.757,779.1419999999999,,19846.912500000002,2326.28,,65837.31000000001,,22727.460000000003,243386.944,1084.2412000000002,2750.2999999999997,,890.2284,43.6421,,,,,,,,,,,,,,,,100.,,,,,,,,,,,,,,,,,,,,,,,,,,78,,14,,76,,,,112,,,,,,,,,,4,5,5,,,,,,,,,,,,,,,0.21,,,0.47,0.14,0.083,,0.06,0.44,,,,0.32,0.05,0.18,,,,,,,,,,,,,,0.513122,,,0.702984,,,,,,,,,,,,,,,,,,,,,12272-JH4,
[3819][5641],RIFT VOLCANICS,MEXICAN BASIN AND RANGE / WESTERN MEXICAN BASIN AND RANGE (GULF EXTENSIONAL PROVINCE) / SAN LUIS POTOSI / VENTURA-ESPIRITU SANTO VOLCANIC FIELD / PACIFIC OCEAN,"JOYA HONDA MAAR, MESA CENTRAL",23.3,23.3,-102,-102,SUBAERIAL,,,s JH51 [3819] / s JH 51 [5641],"LHERZOLITE, SPINEL, XENOLITH [3819]",,,,,,,,,MANTLE XENOLITH,,,,,WHOLE_ROCK [3819] ,203053.764,539.406,,12225.698100000001,1778.92,,66770.06999999999,,15580.460000000001,254121.05599999998,1084.2412000000002,1964.5,,222.5571,43.6421,,,,,,,,,,,,,,,,100.,,,,,,,,,,,,,,,,,,,,,,,,,,64,,11,,55,,,,111,,,,,,,,,,8.5,3,6,,,,,,,,,,,,,,,0.22,,,0.52,0.15,0.059,,0.02,,,,,0.2,0.03,0.11,,,,,,,,,,,,,,0.512852,,,0.703131,,,,,,,,,,,,,,,,,,,,,12272-JH51,
[3622],RIFT VOLCANICS,MEXICAN BASIN AND RANGE / WESTERN MEXICAN BASIN AND RANGE (GULF EXTENSIONAL PROVINCE) / SAN LUIS POTOSI / VENTURA-ESPIRITU SANTO VOLCANIC FIELD / PACIFIC OCEAN,"JOYA HONDA MAAR, MESA CENTRAL",23.3,23.3,-102,-102,SUBAERIAL,,,s SLP-101 [3622],"LHERZOLITE, XENOLITH [3622]",,,,QUATERNARY [3622],,,,COARSE EQUANT [3622] ,MANTLE XENOLITH,,,,,WHOLE_ROCK [3622] ,201978.66350000002,419.538,,8256.3156,1710.5,,,66381.42,8576.4,264613.952,1006.7954,2278.8199999999997,0.,890.2284,87.2842,,,,,,,,,,,,,,,,-5000.,,,,,,,,,,,,,,,,,,,,,,,,,,,,,,33,1587,,,119,2380,0,49,,,,,,,,0,0,,,,,,,,,,,,,,,,,,,,,,,,,,,,,,,,,,,,,,,,,,,,,,,,,,,,,,,,,,,,,,,,,,,12272-SLP-101,
[3622],RIFT VOLCANICS,MEXICAN BASIN AND RANGE / WESTERN MEXICAN BASIN AND RANGE (GULF EXTENSIONAL PROVINCE) / SAN LUIS POTOSI / VENTURA-ESPIRITU SANTO VOLCANIC FIELD / PACIFIC OCEAN,"JOYA HONDA MAAR, MESA CENTRAL",23.3,23.3,-102,-102,SUBAERIAL,,,s SLP-402 [3622],"LHERZOLITE, XENOLITH [3622]",,,,QUATERNARY [3622],,,,COARSE EQUANT [3622] ,MANTLE XENOLITH,,,,,WHOLE_ROCK [3622] ,207821.60100000002,958.944,,18470.859900000003,2736.8,,,70190.18999999999,22584.52,232351.312,1084.2412000000002,1650.1799999999998,166.03,2151.3853,87.2842,,,,,,,,,,,,,,,,-5600.000000000001,,,,,,,,,,,,,,,,,,,,,,,,,,,,,,58,2466,,,99,1823,0,59,,,,,,,,0,0,,,,,,,,,,,,,,,,,,,,,,,,,,,,,,,,,,,,,,,,,,,,,,,,,,,,,,,,,,,,,,,,,,,12272-SLP-402,
[3622],RIFT VOLCANICS,MEXICAN BASIN AND RANGE / WESTERN MEXICAN BASIN AND RANGE (GULF EXTENSIONAL PROVINCE) / SAN LUIS POTOSI / VENTURA-ESPIRITU SANTO VOLCANIC FIELD / PACIFIC OCEAN,"JOYA HONDA MAAR, MESA CENTRAL",23.3,23.3,-102,-102,SUBAERIAL,,,s SLP-403 [3622],"LHERZOLITE, XENOLITH [3622]",,,,QUATERNARY [3622],,,,COARSE EQUANT [3622] ,MANTLE XENOLITH,,,,,WHOLE_ROCK [3622] ,207447.65300000002,719.208,,15771.6798,3147.32,,,58530.69,17724.56,246763.968,929.3496,1885.9199999999998,0.,1854.6425,87.2842,,,,,,,,,,,,,,,,-4700.,,,,,,,,,,,,,,,,,,,,,,,,,,,,,,54,3222,,,96,2192,0,50,,,,,,,,0,0,,,,,,,,,,,,,,,,,,,,,,,,,,,,,,,,,,,,,,,,,,,,,,,,,,,,,,,,,,,,,,,,,,,12272-SLP-403,
[5282],RIFT VOLCANICS,MEXICAN BASIN AND RANGE / EASTERN MEXICAN BASIN AND RANGE / DURANGO / RODEO VOLCANIC FIELD,,25.1084,25.1084,-104.4908,-104.4908,SUBAERIAL,,,s DGO-410 [5282],HAWAIITE [5282],,,,MIOCENE [5282],,,,,VOLCANIC ROCK,,,,,WHOLE_ROCK [5282] ,228201.76700000002,14504.027999999998,,87379.34010000002,,17205.239999999998,80450.55,,56890.12,38293.03999999999,1394.0244,,16021.894999999999,29971.0228,2880.3786,,,,,,,,,,,,,,,,6000.,,,,,,,,,,,,,,,,,,,,,,,,,,,,23.3,,213,110,,,37.2,68,34,85,,,,,,36,682,34,263,63,,,,,,,,,,,,12.6,606,34.5,67.5,,36,6.81,2.24,,0.97,,,,,2.78,0.41,5.19,3.29,,,,,,,,,3.9,,4.43,1.2,0.512841,,,0.703896,,18.977,,15.603,,38.697,,,,,,,,,,,,,,,124497,
[5282],RIFT VOLCANICS,MEXICAN BASIN AND RANGE / EASTERN MEXICAN BASIN AND RANGE / DURANGO / RODEO VOLCANIC FIELD,,25.0957,25.0957,-104.4821,-104.4821,SUBAERIAL,,,s DGO-411 [5282],HAWAIITE [5282],,,,MIOCENE [5282],,,,,VOLCANIC ROCK,,,,,WHOLE_ROCK [5282] ,231146.60750000004,13425.216,,89655.11940000001,,17764.760000000002,63272.22,,51815.75,32745.071999999996,1471.4702,,10127.83,37092.85,3273.1575000000003,,,,,,,,,,,,,,,,6200.,,,,,,,,,,,,,,,,,,,,,,,,,,,,19.3,,168,89,,,32.4,50,27,83,,,,,,10,674,35,272,82,,,,,,,,,,,,109.9,674,42.2,79.7,,36,7.3,2.38,,1,,,,,3.05,0.44,5.54,4.2,,,,,,,,,4.1,,5.51,2.1,0.512863,,,0.703751,,18.9518,,15.5938,,38.6483,,,,,,,,,,,,,,,124498,
[5282],RIFT VOLCANICS,MEXICAN BASIN AND RANGE / EASTERN MEXICAN BASIN AND RANGE / DURANGO / RODEO VOLCANIC FIELD,,25.0919,25.0919,-104.4824,-104.4824,SUBAERIAL,,,s DGO-412 [5282],HAWAIITE [5282],,,,MIOCENE [5282],,,,,VOLCANIC ROCK,,,,,WHOLE_ROCK [5282] ,227313.64050000004,14384.159999999998,,85368.1863,,39236.340000000004,81927.42,,56318.36,35760.272,1394.0244,,13531.445,30193.5799,3404.0838000000003,,,,,,,,,,,,,,,,11399.999999999998,,,,,,,,,,,,,,,,,,,,,,,,,,,,21.4,,200,91,,,35.5,58,35,88,,,,,,20,663,36,265,66,,,,,,,,,,,,11.4,635,37.2,71.9,,38,7.21,2.38,,1,,,,,2.91,0.42,5.27,3.45,,,,,,,,,,,4.47,1.4,,,,,,,,,,,,,,,,,,,,,,,,,124499,
[5282],RIFT VOLCANICS,MEXICAN BASIN AND RANGE / EASTERN MEXICAN BASIN AND RANGE / DURANGO / RODEO VOLCANIC FIELD,,25.0797,25.0797,-104.4768,-104.4768,SUBAERIAL,,,s DGO-413 [5282],HAWAIITE [5282],,,,MIOCENE [5282],,,,,VOLCANIC ROCK,,,,,WHOLE_ROCK [5282] ,221377.21600000001,12046.733999999999,,87591.0405,,38187.24,35833.530000000006,,68396.79000000001,39800.63999999999,1239.1328,,14029.535,23442.6812,2051.1787,,,,,,,,,,,,,,,,21300.,,,,,,,,,,,,,,,,,,,,,,,,,,,,23.3,,188,136,,,37.4,60,46,80,,,,,,35,691,33,276,68,,,,,,,,,,,,1.29,634,32.6,62.7,,24,5.57,1.88,,0.76,,,,,2.37,0.34,3.9,3.03,,,,,,,,,3.09,,3.87,1.06,0.512876,,,0.703705,,18.9393,,15.5949,,38.6917,,,,,,,,,,,,,,,124500,
[5282],RIFT VOLCANICS,MEXICAN BASIN AND RANGE / EASTERN MEXICAN BASIN AND RANGE / DURANGO / RODEO VOLCANIC FIELD,,25.075,25.075,-104.4737,-104.4737,SUBAERIAL,,,s DGO-414 [5282],HAWAIITE [5282],,,,MIOCENE [5282],,,,,VOLCANIC ROCK,,,,,WHOLE_ROCK [5282] ,227781.0755,13904.687999999998,,86162.06280000001,,29794.44,49280.82,,55246.310000000005,36001.488,1316.5786,,14693.655,28932.423,3054.9469999999997,,,,,,,,,,,,,,,,15900.,,,,,,,,,,,,,,,,,,,,,,,,,,,,21.7,,193,103,,,34.6,59,46,81,,,,,,34,687,33,267,67,,,,,,,,,,,,26.3,632,36.8,71.6,,30,6.91,2.26,,0.96,,,,,2.88,0.42,5.41,3.67,,,,,,,,,,,4.83,1.5,,,,,,,,,,,,,,,,,,,,,,,,,124501,
[5282],RIFT VOLCANICS,MEXICAN BASIN AND RANGE / EASTERN MEXICAN BASIN AND RANGE / DURANGO / RODEO VOLCANIC FIELD,,25.1937,25.1937,-104.5671,-104.5671,SUBAERIAL,,,s H90-35 [5282],HAWAIITE [5282],,,,MIOCENE [5282],,,,,VOLCANIC ROCK,,,,,WHOLE_ROCK [5282] ,230819.40300000002,13904.687999999998,,87114.7146,,16156.140000000001,62106.270000000004,,59248.63,39197.6,1394.0244,,14693.655,24555.4667,2705.8102,,,,,,,,,,,,,,,,9000.,,,,,,,,,,,,,,,,,,,,,,,,,,,,23.6,,210,142,,,35.3,64,27,86,,,,,,35,556,32,195,48,,,,,,,,,,,,2.97,592,29.3,58.6,,27,6.49,2.05,,0.93,,,,,2.72,0.41,4.36,2.66,,,,,,,,,,,3.55,1.13,,,,,,,,,,,,,,,,,,,,,,,,,124502,
[5282],RIFT VOLCANICS,MEXICAN BASIN AND RANGE / EASTERN MEXICAN BASIN AND RANGE / DURANGO / NAZAS VOLCANIC FIELD,,25.2106,25.2106,-104.1931,-104.1931,SUBAERIAL,,,s NA-55 [5282],HAWAIITE [5282],,,,MIOCENE [5282],,,,,VOLCANIC ROCK,,,,,WHOLE_ROCK [5282] ,229557.3285,14144.423999999999,,88914.168,,27626.300000000003,50524.5,,60034.8,36725.136,1316.5786,,14693.655,27597.0804,2051.1787,,,,,,,,,,,,,,,,6200.,,,,,,,,,,,,,,,,,,,,,,,,,,,,22.1,,247,73,,,36.7,49,28,88,,,,,,35,663,29,208,40,,,,,,,,,,,,0.84,590,28,56.4,,31,6.05,1.96,,0.81,,,,,2.33,0.35,4.58,2.37,,,,,,,,,4.12,,2.97,0.86,0.512768,,,0.704148,,18.8845,,15.583,,38.6228,,,,,,,,,,,,,,,124503,
[5282],RIFT VOLCANICS,MEXICAN BASIN AND RANGE / EASTERN MEXICAN BASIN AND RANGE / DURANGO / NAZAS VOLCANIC FIELD,,25.2589,25.2589,-104.2006,-104.2006,SUBAERIAL,,,s SL-29 [5282],HAWAIITE [5282],,,,MIOCENE [5282],,,,,VOLCANIC ROCK,,,,,WHOLE_ROCK [5282] ,228902.91950000002,13005.677999999998,,87008.8644,,38257.18,79673.25,,50600.76,32925.984,1394.0244,,18097.27,30119.394199999995,2400.3155,,,,,,,,,,,,,,,,20299.999999999996,,,,,,,,,,,,,,,,,,,,,,,,,,,,19.3,,160,102,,,33,48,30,73,,,,,,53,571,32,249,70,,,,,,,,,,,,2.6,718,37,70,,31,6.43,2.08,,0.89,,,,,2.68,0.41,5.66,3.79,,,,,,,,,4.09,,5.22,1.77,0.512772,,,0.704118,,18.8768,,15.575,,38.6006,,,,,,,,,,,,,,,124504,
[5282],RIFT VOLCANICS,MEXICAN BASIN AND RANGE / EASTERN MEXICAN BASIN AND RANGE / DURANGO / NAZAS VOLCANIC FIELD,,25.4256,25.4256,-104.3019,-104.3019,SUBAERIAL,,,s NA-41 [5282],HAWAIITE [5282],,,,MIOCENE [5282],,,,,VOLCANIC ROCK,,,,,WHOLE_ROCK [5282] ,224649.26100000003,13545.083999999997,,88808.3178,,16435.9,61717.62,,61321.26,42755.536,1316.5786,,14444.61,28561.4945,2836.7365,,,,,,,,,,,,,,,,6400.,,,,,,,,,,,,,,,,,,,,,,,,,,,,25.6,,217,186,,,39.9,83,34,83,,,,,,42,610,29,200,45,,,,,,,,,,,,3.01,724,26.8,54.9,,27,6.18,2.02,,0.89,,,,,2.49,0.38,4.67,2.16,,,,,,,,,4.72,,3.27,0.98,0.512809,,,0.704158,,18.8202,,15.6003,,38.6088,,,,,,,,,,,,,,,124505,
[5601],RIFT VOLCANICS,MEXICAN BASIN AND RANGE / EASTERN MEXICAN BASIN AND RANGE / SAN LUIS POTOSI,MESA CENTRAL,21,22,-100,-101.5,SUBAERIAL,,,s RIO-27 [5601],RHYOLITE [5601],,,,OLIGOCENE [5601],,,,,VOLCANIC ROCK,,,,,WHOLE_ROCK [5601] ,310376.84,4974.521999999999,,76212.144,,,,35911.26,7647.290000000001,422.12800000000004,19593.787399999997,,38186.899999999994,28190.566,1003.7683000000001,,,,,,,,,,,,,,,,10800.,,,,,,,,,,,,,,,,,,,,,,,,,,,,,,,,,,,,,,,,,,,,,,,,,,,,,,,,,,,,,,,,,,,,,,,,,,,,,,,,,,,,,,,,,,,,,,,,,,,,,,,,,,,,,,,,,125285,
[5601],RIFT VOLCANICS,MEXICAN BASIN AND RANGE / EASTERN MEXICAN BASIN AND RANGE / SAN LUIS POTOSI,MESA CENTRAL,21,22,-100,-101.5,SUBAERIAL,,,s RIO-45 [5601],RHYOLITE [5601],,,,OLIGOCENE [5601],,,,,VOLCANIC ROCK,,,,,WHOLE_ROCK [5601] ,333281.155,2697.0299999999997,,71448.88500000001,,,,32335.68,2215.57,361.82399999999996,13088.340199999999,,41507.5,20771.996,654.6315,,,,,,,,,,,,,,,,8300.,,,,,,,,,,,,,,,,,,,1082,,,,,,,,,,,,,,,,,,,,,,,,189,141,,501,18,,,,,,,,,,,,,1340,53.6,,14.1,56.6,10.8,1.69,10.1,1.6,8.65,1.73,4.71,0.72,4.49,0.65,12,1.8,,,,,,,,,,,17,4.4,,,,,,,,,,,,,,,,,,,,,,,,,125286,
[5601],RIFT VOLCANICS,MEXICAN BASIN AND RANGE / EASTERN MEXICAN BASIN AND RANGE / SAN LUIS POTOSI,MESA CENTRAL,21,22,-100,-101.5,SUBAERIAL,,,s RIO-29 [5601],RHYOLITE [5601],,,,OLIGOCENE [5601],,,,,VOLCANIC ROCK,,,,,WHOLE_ROCK [5601] ,336085.7650000001,1857.954,,70390.383,,,,24951.329999999998,3073.21,301.52,16960.6302,,41507.5,21513.853,305.4947,,,,,,,,,,,,,,,,4300.,,,,,,,,,,,,,,,,,,,1336,,,,,,,,,,,,,,,,,,,,,,,,159,129,,457,16,,,,,,,,,,,,,1630,59,,14.9,59.2,11,1.6,10.2,1.61,9.12,1.81,5.01,0.76,4.8,0.67,11.6,1.9,,,,,,,,,,,16,3.9,,,,,,,,,,,,,,,,,,,,,,,,,125287,
[5601],RIFT VOLCANICS,MEXICAN BASIN AND RANGE / EASTERN MEXICAN BASIN AND RANGE / SAN LUIS POTOSI,MESA CENTRAL,21,22,-100,-101.5,SUBAERIAL,,,s RIO-22 [5601],RHYOLITE [5601],,,,OLIGOCENE [5601],,,,,VOLCANIC ROCK,,,,,WHOLE_ROCK [5601] ,347304.205,1138.7459999999999,,65097.87300000001,,,,15623.729999999998,4002.32,180.91199999999998,6737.7846,,48148.7,14095.283,130.9263,,,,,,,,,,,,,,,,21300.,,,,,,,,,,,,,,,,,,,322,,,,,,,,,,,,,,,,,,,,,,,,193,62,,278,13,,,,,,,,,,,,,1300,61.2,,15.4,59.2,10.9,1.1,10,1.59,8.93,1.79,4.94,0.76,4.57,0.64,7.8,1.8,,,,,,,,,,,18,3.7,,,,,,,,,,,,,,,,,,,,,,,,,125288,
[5601],RIFT VOLCANICS,MEXICAN BASIN AND RANGE / EASTERN MEXICAN BASIN AND RANGE / SAN LUIS POTOSI,MESA CENTRAL,21,22,-100,-101.5,SUBAERIAL,,,s RIO-18 [5601],RHYOLITE [5601],,,,OLIGOCENE [5601],,,,,VOLCANIC ROCK,,,,,WHOLE_ROCK [5601] ,351043.685,1198.68,,68802.63,,,,17489.25,2215.57,180.91199999999998,5730.9892,,45658.25,19288.282,130.9263,,,,,,,,,,,,,,,,9400.,,,,,,,,,,,,,,,,,,,250,,,,,,,,,,,,,,,,,,,,,,,,170,91,,277,13,,,,,,,,,,,,,1480,61.6,,15,58.1,10.5,1.3,9.79,1.52,8.52,1.7,4.73,0.71,4.42,0.61,7.6,1.7,,,,,,,,,,,16,3.6,,,,,,,,,,,,,,,,,,,,,,,,,125289,
[5601],RIFT VOLCANICS,MEXICAN BASIN AND RANGE / EASTERN MEXICAN BASIN AND RANGE / SAN LUIS POTOSI,MESA CENTRAL,21,22,-100,-101.5,SUBAERIAL,,,s RIO-47 [5601],RHYOLITE [5601],,,,OLIGOCENE [5601],,,,,VOLCANIC ROCK,,,,,WHOLE_ROCK [5601] ,352913.42500000005,1258.6139999999998,,66685.626,,,,13602.75,1072.05,120.60799999999999,5421.205999999999,,39847.2,19288.282,130.9263,,,,,,,,,,,,,,,,8300.,,,,,,,,,,,,,,,,,,,207,,,,,,,,,,,,,,,,,,,,,,,,181,78,,304,14,,,,,,,,,,,,,1410,77.8,,19.2,73.9,13.2,1.35,12.7,2.02,11.5,2.3,6.27,0.94,5.67,0.8,8.3,1.5,,,,,,,,,,,18,4.3,,,,,,,,,,,,,,,,,,,,,,,,,125290,
[5601],RIFT VOLCANICS,MEXICAN BASIN AND RANGE / EASTERN MEXICAN BASIN AND RANGE / SAN LUIS POTOSI,MESA CENTRAL,21,22,-100,-101.5,SUBAERIAL,,,s RIO-24 [5601],RHYOLITE [5601],,,,OLIGOCENE [5601],,,,,VOLCANIC ROCK,,,,,WHOLE_ROCK [5601] ,356185.47000000003,1078.812,,62451.61800000001,,,,15623.729999999998,1643.8100000000002,180.91199999999998,6660.3387999999995,,42337.649999999994,19288.282,436.42100000000005,,,,,,,,,,,,,,,,6800.000000000001,,,,,,,,,,,,,,,,,,,489,,,,,,,,,,,,,,,,,,,,,,,,155,90,,250,15,,,,,,,,,,,,,1360,53.5,,12.7,50,9.61,1.18,9.31,1.4,7.72,1.56,4.45,0.64,3.93,0.56,7.1,1.8,,,,,,,,,,,19,3.3,,,,,,,,,,,,,,,,,,,,,,,,,125291,
[5601],RIFT VOLCANICS,MEXICAN BASIN AND RANGE / EASTERN MEXICAN BASIN AND RANGE / SAN LUIS POTOSI,MESA CENTRAL,21,22,-100,-101.5,SUBAERIAL,,,s RIO-16 [5601],RHYOLITE [5601],,,,OLIGOCENE [5601],,,,,VOLCANIC ROCK,,,,,WHOLE_ROCK [5601] ,355250.60000000003,419.538,,69331.881,,,,10104.9,1429.4,120.60799999999999,3949.7358,,44828.100000000006,24481.281,43.6421,,,,,,,,,,,,,,,,6600.,,,,,,,,,,,,,,,,,,,7603,,,,,,,,,,,,,,,,,,,,,,,,581,6,,125,42,,,,,,,,,,,,,50,75.8,,25.2,105,30.7,0.15,29.1,5.16,31.3,5.99,18.2,2.94,19.2,2.88,7.5,6.2,,,,,,,,,,,85,8.4,,,,,,,,,,,,,,,,,,,,,,,,,125292,
[5601],RIFT VOLCANICS,MEXICAN BASIN AND RANGE / EASTERN MEXICAN BASIN AND RANGE / SAN LUIS POTOSI,MESA CENTRAL,21,22,-100,-101.5,SUBAERIAL,,,s RIO-12 [5601],RHYOLITE [5601],,,,OLIGOCENE [5601],,,,,VOLCANIC ROCK,,,,,WHOLE_ROCK [5601] ,355718.035,359.604,,69861.132,,,,9638.52,1500.87,120.60799999999999,3407.6152,,45658.25,20771.996,87.2842,,,,,,,,,,,,,,,,8600.,,,,,,,,,,,,,,,,,,,1463,,,,,,,,,,,,,,,,,,,,,,,,407,9,,113,19,,,,,,,,,,,,,28,17.9,,5.71,22.3,6.31,0.07,7.1,1.41,9.01,1.84,5.19,0.88,5.47,0.73,5.6,3.9,,,,,,,,,,,36,8.6,,,,,,,,,,,,,,,,,,,,,,,,,125293,
[5601],RIFT VOLCANICS,MEXICAN BASIN AND RANGE / EASTERN MEXICAN BASIN AND RANGE / SAN LUIS POTOSI,MESA CENTRAL,21,22,-100,-101.5,SUBAERIAL,,,s RIO-9 [5601],RHYOLITE [5601],,,,OLIGOCENE [5601],,,,,VOLCANIC ROCK,,,,,WHOLE_ROCK [5601] ,358522.645,359.604,,67744.12800000001,,,,10726.74,1357.93,120.60799999999999,2400.8197999999998,,40677.350000000006,20030.139,43.6421,,,,,,,,,,,,,,,,11399.999999999998,,,,,,,,,,,,,,,,,,,1289,,,,,,,,,,,,,,,,,,,,,,,,307,9,,86,24,,,,,,,,,,,,,49,10,,2.58,10.8,3.47,0.08,4.01,1.02,7.57,1.66,5.4,0.92,6.23,1,5,3.2,,,,,,,,,,,30,4,,,,,,,,,,,,,,,,,,,,,,,,,125294,
[5601],RIFT VOLCANICS,MEXICAN BASIN AND RANGE / EASTERN MEXICAN BASIN AND RANGE / SAN LUIS POTOSI,MESA CENTRAL,21,22,-100,-101.5,SUBAERIAL,,,s RIO-44 [5601],RHYOLITE [5601],,,,OLIGOCENE [5601],,,,,VOLCANIC ROCK,,,,,WHOLE_ROCK [5601] ,358522.645,479.472,,66685.626,,,,9327.6,929.11,120.60799999999999,2245.9282,,39847.2,24481.281,43.6421,,,,,,,,,,,,,,,,5699.999999999999,,,,,,,,,,,,,,,,,,,2840,,,,,,,,,,,,,,,,,,,,,,,,601,7,,143,30,,,,,,,,,,,,,89,24.3,,6.19,23.8,607,0.08,6.74,1.27,7.76,1.62,4.71,0.8,5,0.7,7.2,5.5,,,,,,,,,,,57,7,,,,,,,,,,,,,,,,,,,,,,,,,125295,
[5601],RIFT VOLCANICS,MEXICAN BASIN AND RANGE / EASTERN MEXICAN BASIN AND RANGE / SAN LUIS POTOSI,MESA CENTRAL,21,22,-100,-101.5,SUBAERIAL,,,s RIO-41 [5601],RHYOLITE [5601],,,,OLIGOCENE [5601],,,,,VOLCANIC ROCK,,,,,WHOLE_ROCK [5601] ,363196.99500000005,599.34,,64568.621999999996,,,,8705.76,1429.4,120.60799999999999,3562.5068,,42337.649999999994,18546.425,87.2842,,,,,,,,,,,,,,,,6899.999999999999,,,,,,,,,,,,,,,,,,,1296,,,,,,,,,,,,,,,,,,,,,,,,359,8,,144,23,,,,,,,,,,,,,20,21.7,,4.25,14.8,4.08,0.14,4.46,1.25,8.25,1.74,5.03,0.83,5.17,0.69,5.8,3.3,,,,,,,,,,,33,5.7,,,,,,,,,,,,,,,,,,,,,,,,,125296,
[5601],RIFT VOLCANICS,MEXICAN BASIN AND RANGE / EASTERN MEXICAN BASIN AND RANGE / SAN LUIS POTOSI,MESA CENTRAL,21,22,-100,-101.5,SUBAERIAL,,,s RIO-46 [5601],RHYOLITE [5601],,,,OLIGOCENE [5601],,,,,VOLCANIC ROCK,,,,,WHOLE_ROCK [5601] ,364599.30000000005,479.472,,61922.367,,,,7462.08,929.11,120.60799999999999,3949.7358,,41507.5,19288.282,130.9263,,,,,,,,,,,,,,,,6100.,,,,,,,,,,,,,,,,,,,1149,,,,,,,,,,,,,,,,,,,,,,,,330,9,,112,18,,,,,,,,,,,,,49,35.3,,11.3,47,12,0.12,12.2,2.3,13.7,2.8,7.72,1.23,7.21,0.98,5.1,2.9,,,,,,,,,,,28,7.7,,,,,,,,,,,,,,,,,,,,,,,,,125297,
[5601],RIFT VOLCANICS,MEXICAN BASIN AND RANGE / EASTERN MEXICAN BASIN AND RANGE / SAN LUIS POTOSI,MESA CENTRAL,21,22,-100,-101.5,SUBAERIAL,,,s RIO-43 [5601],RHYOLITE [5601],,,,OLIGOCENE [5601],,,,,VOLCANIC ROCK,,,,,WHOLE_ROCK [5601] ,365534.17000000004,599.34,,61922.367,,,,8550.300000000001,1000.58,120.60799999999999,3949.7358,,42337.649999999994,18546.425,87.2842,,,,,,,,,,,,,,,,7500.,,,,,,,,,,,,,,,,,,,1039,,,,,,,,,,,,,,,,,,,,,,,,322,13,,145,17,,,,,,,,,,,,,70,28.7,,7.39,26.5,6.22,0.19,6.87,1.57,10.2,2.13,6,1.01,6.01,0.81,5.9,2.7,,,,,,,,,,,32,7.8,,,,,,,,,,,,,,,,,,,,,,,,,125298,
[5601],RIFT VOLCANICS,MEXICAN BASIN AND RANGE / EASTERN MEXICAN BASIN AND RANGE / SAN LUIS POTOSI,MESA CENTRAL,21,22,-100,-101.5,SUBAERIAL,,,s RIO-7 [5601],RHYOLITE [5601],,,,OLIGOCENE [5601],,,,,VOLCANIC ROCK,,,,,WHOLE_ROCK [5601] ,363196.99500000005,359.604,,65627.12400000001,,,,10182.630000000001,1500.87,120.60799999999999,1471.4702,,39847.2,14837.14,43.6421,,,,,,,,,,,,,,,,19500.,,,,,,,,,,,,,,,,,,,356,,,,,,,,,,,,,,,,,,,,,,,,186,20,,113,16,,,,,,,,,,,,,137,19.6,,7.16,32.1,8.47,0.33,8.31,1.37,7.89,1.55,4.49,0.66,3.93,0.57,5.2,1.7,,,,,,,,,,,16,3.9,,,,,,,,,,,,,,,,,,,,,,,,,125299,
[3814],RIFT VOLCANICS,MEXICAN BASIN AND RANGE / WESTERN MEXICAN BASIN AND RANGE (GULF EXTENSIONAL PROVINCE) / BAJA CALIFORNIA / SAN QUINTIN VOLCANIC FIELD,,30.47,30.47,-115.97,-115.97,SUBAERIAL,,,s 1 [3814],"LHERZOLITE, SPINEL, XENOLITH [3814]",,,,,,,,"PORPHYROCLASTIC, GNEISSOSE, FINE-GRAINED EQUIGRANULAR GROUNDMASS [3814] ",MANTLE XENOLITH,,,,,WHOLE_ROCK [3814] ,,,,,,,,,,,,,,,,,,,,,,,,,,,,,,,,,,,,,,,,,,,,,,,,,,,,,,,,,33.6,,,,,,,,,,,,,,,,,0.043,1.591,,,,,,,,,,,,,,,,,,,,,,,,,,,,,,,,,,,,,,,,,,,,,,,,0.70452,,,,,,,,,,,,,,,,,,,,,126207,
[3814],RIFT VOLCANICS,MEXICAN BASIN AND RANGE / WESTERN MEXICAN BASIN AND RANGE (GULF EXTENSIONAL PROVINCE) / BAJA CALIFORNIA / SAN QUINTIN VOLCANIC FIELD,,30.47,30.47,-115.97,-115.97,SUBAERIAL,,,s HOST [3814],BASALT [3814],,,,,,,,,VOLCANIC ROCK,,,,,WHOLE_ROCK [3814] ,,,,,,,,,,,,,,,,,,,,,,,,,,,,,,,,,,,,,,,,,,,,,,,,,,,,,,,,,15390,,,,,,,,,,,,,,,,,35.96,611.7,,,,,,,,,,,,,,,,,,,,,,,,,,,,,,,,,,,,,,,,,,,,,,,,0.70311,,,,,,,,,,,,,,,,,,,,,126208,
[3622],RIFT VOLCANICS,MEXICAN BASIN AND RANGE / WESTERN MEXICAN BASIN AND RANGE (GULF EXTENSIONAL PROVINCE) / DURANGO / DURANGO VOLCANIC FIELD,LA BRENA-EL JAGUEY,24,24,-104.66,-104.66,SUBAERIAL,,,s DGO-160 [3622],"HARZBURGITE, XENOLITH [3622]",,,,QUATERNARY [3622],,,,COARSE EQUANT [3622] ,MANTLE XENOLITH,,,,,WHOLE_ROCK [3622] ,205951.86100000003,239.736,,5927.611200000001,2326.28,,,58219.770000000004,6074.95,270403.136,929.3496,2357.4,0.,519.2999,43.6421,,,,,,,,,,,,,,,,-3100.,,,,,,,,,,,,,,,,,0,,,,,,,,,,,,,36,2678,,,109,2346,,47,,,,,,,,0,0,,,,,,,,,,,,,,,,,,,,,,,,,,,,,,,,,,,,,,,,,,,,,,,,,,,,,,,,,,,,,,,,,,,13211-DGO-160,
