Citations,Tectonic Setting,Location,Location Comment,Latitude (Min),Latitude (Max),Longitude (Min),Longitude (Max),Land or Sea,Elevation (Min),Elevation (Max),Sample Name,Rock Name,"Age (a, Min)","Age (a, Max)",Geol,Age,Eruption Day,Eruption Month,Eruption Year,Rock Texture,Rock Type,Drill Depth (Min),Drill Depth (Max),Alteration,Mineral,Material,Si,Ti,B,Al,Cr,Fe3+,Fe2+,Fetot(2+),Ca,Mg,Mn,Ni,K,Na,P,H2O,H2OP,H2OM,H2Otot,CO2,CO,F,Cl,Cl2,OH,CH4,SO2,SO3,SO4,S,LOI,Volatiles,O,Others,HE(CCM/G),HE(CCMSTP/G),HE3(CCMSTP/G),HE3(AT/G),HE4(CCM/G),HE4(CCMSTP/G),HE4(AT/G),HE4(MOLE/G),HE4(NCC/G),HE(NCC/G),Li,Be,B,C,CO2,F,Na,Mg,Al,P,S,Cl,K,Ca,Sc,Ti,V,Cr,Mn,Fe,Co,Ni,Cu,Zn,Ga,Ge,As,Se,Br,Rb,Sr,Y,Zr,Nb,Mo,Ru,Rh,Pd,Ag,Cd,In,Sn,Sb,Te,I,Cs,Ba,La,Ce,Pr,Nd,Sm,Eu,Gd,Tb,Dy,Ho,Er,Tm,Yb,Lu,Hf,Ta,W,Re,Os,Ir,Pt,Au,Hg,Tl,Pb,Bi,Th,U,Nd143/Nd144,Nd143/Nd144 initial,e Nd,Sr87/Sr86,SR87_SR86_INI,PB206_PB204,PB206_PB204_INI,PB207_PB204,PB207_PB204_INI,PB208_PB204,PB208_PB204_INI,OS184_OS188,OS186_OS188,OS187_OS186,OS187_OS188,RE187_OS186,RE187_OS188,HF176_HF177,HE3_HE4,HE3_HE4(R/R(A)),HE4_HE3,HE4_HE3(R/R(A)),K40_AR40,AR40_K40,Unique Id,
[9346],RIFT VOLCANICS,NORTHERN VARISCAN FORELAND / MIDLAND VALLEY SCOTLAND,"FIFE OLD RED SANDSTONE LAVA, AT THE MOUTH OF THE FIRTH OF TAY, NEAR DUNDEE",56.3,56.3,-3,-3,SUBAERIAL,,,s OC102 [9346],BASALT [9346],,,,,,,,,VOLCANIC ROCK,,,,,WHOLE_ROCK [9346] ,237643.95400000003,9050.034,,92671.85010000001,,,,73066.2,57819.229999999996,37629.695999999996,619.5664,,8567.148000000001,27374.523299999997,1051.77461,,,,,,,,,,,,,,,,16000.,,,,,,,,,,,,,,,,,,,,,,,,,,,,29.9,,199,330,,,,183,49,68,,,,,,20.7,441,27.4,161,6.7,,,,,,,,,,,,,286,18,37,,20,,,,,,,,,,,,,,,,,,,,,18.7,,3,,,,,0.70468,,,,,,,,,,,,,,,,,,,,,255901,
[9346],RIFT VOLCANICS,NORTHERN VARISCAN FORELAND / MIDLAND VALLEY SCOTLAND,"FIFE OLD RED SANDSTONE LAVA, AT THE MOUTH OF THE FIRTH OF TAY, NEAR DUNDEE",56.3,56.3,-3,-3,SUBAERIAL,,,s OC103 [9346],"ANDESITE, BASALTIC [9346]",,,,,,,,,VOLCANIC ROCK,,,,,WHOLE_ROCK [9346] ,259660.14250000002,6940.3571999999995,,83251.1823,,,,47026.65,51815.75,42815.84,658.2893,,15905.673999999999,27151.9662,1335.44826,,,,,,,,,,,,,,,,9700.,,,,,,,,,,,,,,,,,,,,,,,,,,,,22.6,,154,398,,,,193,28,71,,,,,,52.8,550,23.2,236,9,,,,,,,,,,,,,512,25,55,,28,,,,,,,,,,,,,,,,,,,,,8.7,,5,,,,,0.70592,,,,,,,,,,,,,,,,,,,,,255902,
[9346],RIFT VOLCANICS,NORTHERN VARISCAN FORELAND / MIDLAND VALLEY SCOTLAND,"FIFE OLD RED SANDSTONE LAVA, AT THE MOUTH OF THE FIRTH OF TAY, NEAR DUNDEE",56.3,56.3,-3,-3,SUBAERIAL,,,s OC109 [9346],ANDESITE [9346],,,,,,,,,VOLCANIC ROCK,,,,,WHOLE_ROCK [9346] ,287752.98600000003,6071.314199999999,,91401.6477,,,,38320.89,33662.37,13990.527999999998,766.71342,,21716.724000000002,30638.694099999997,1012.4967200000001,,,,,,,,,,,,,,,,8400.,,,,,,,,,,,,,,,,,,,,,,,,,,,,12.6,,115,7,,,,8,10,68,,,,,,74.5,580,24.3,232,13.6,,,,,,,,,,,,,640,35.7,69.8,,29.44,5.472,1.468,4.75,,4.15,,2.299,,2.144,,,,,,,,,,,,19.5,,12,3.24,0.512425,,,0.70707,,18.72,,15.567,,38.5,,,,,,,,,,,,,,,255903,
[9346],RIFT VOLCANICS,NORTHERN VARISCAN FORELAND / MIDLAND VALLEY SCOTLAND,"FIFE OLD RED SANDSTONE LAVA, AT THE MOUTH OF THE FIRTH OF TAY, NEAR DUNDEE",56.3,56.3,-3,-3,SUBAERIAL,,,s OC110 [9346],"ANDESITE, BASALTIC [9346]",,,,,,,,,VOLCANIC ROCK,,,,,WHOLE_ROCK [9346] ,249283.08550000002,6970.3242,,98334.8358,,,,53789.159999999996,63250.95,31237.471999999998,1022.28456,,8392.816499999999,26855.2234,702.6378100000001,,,,,,,,,,,,,,,,6400.,,,,,,,,,,,,,,,,,,,,,,,,,,,,26.3,,197,44,,,,23,18,68,,,,,,18.6,658,22.8,117,6.7,,,,,,,,,,,,,269,13.3,30.1,,17.4,4.093,1.346,4.25,,3.9,,2.247,,2.055,,,,,,,,,,,,8.6,,3,,0.512729,,,0.70422,,,,,,,,,,,,,,,,,,,,,255904,
[9346],RIFT VOLCANICS,NORTHERN VARISCAN FORELAND / MIDLAND VALLEY SCOTLAND,"FIFE OLD RED SANDSTONE LAVA, AT THE MOUTH OF THE FIRTH OF TAY, NEAR DUNDEE",56.3,56.3,-3,-3,SUBAERIAL,,,s OC112 [9346],"ANDESITE, BASALTIC [9346]",,,,,,,,,VOLCANIC ROCK,,,,,WHOLE_ROCK [9346] ,261296.165,9241.8228,,99022.86210000001,,,,52001.37,49314.3,16643.904,851.9038,,13647.666,33754.4935,1475.1029800000001,,,,,,,,,,,,,,,,5900.,,,,,,,,,,,,,,,,,,,,,,,,,,,,16.9,,162,14,,,,14,25,67,,,,,,41.2,542,32.2,244,11.4,,,,,,,,,,,,,400,26.4,58.1,,29.52,6.215,1.889,5.99,,5.4,,3.099,,2.873,,,,,,,,,,,,13,,6,1.86,0.512645,,,0.70532,,18.626,,15.555,,38.32,,,,,,,,,,,,,,,255905,
[9346],RIFT VOLCANICS,NORTHERN VARISCAN FORELAND / MIDLAND VALLEY SCOTLAND,"FIFE OLD RED SANDSTONE LAVA, AT THE MOUTH OF THE FIRTH OF TAY, NEAR DUNDEE",56.3,56.3,-3,-3,SUBAERIAL,,,s OC115 [9346],"ANDESITE, BASALTIC [9346]",,,,,,,,,VOLCANIC ROCK,,,,,WHOLE_ROCK [9346] ,251480.03,7653.571799999999,,88967.0931,,,,47493.030000000006,59034.22,43418.88,968.0725,,11746.6225,27522.894699999997,1191.4293300000002,,,,,,,,,,,,,,,,11700.,,,,,,,,,,,,,,,,,,,,,,,,,,,,29.5,,179,513,,,,219,20,63,,,,,,29.3,543,23.6,186,8.4,,,,,,,,,,,,,399,21.1,46.3,,24.05,5.071,1.567,4.74,,3.94,,2.129,,1.878,,,,,,,,,,,,11.5,,4,,0.512664,,,0.70505,,,,,,,,,,,,,,,,,,,,,255906,
[9346],RIFT VOLCANICS,NORTHERN VARISCAN FORELAND / MIDLAND VALLEY SCOTLAND,"FIFE OLD RED SANDSTONE LAVA, AT THE MOUTH OF THE FIRTH OF TAY, NEAR DUNDEE",56.3,56.3,-3,-3,SUBAERIAL,,,s OC116 [9346],"ANDESITE, BASALTIC [9346]",,,,,,,,,VOLCANIC ROCK,,,,,WHOLE_ROCK [9346] ,252414.90000000002,8468.6742,,89231.71860000001,,,,52934.13,55746.6,37690.,1099.7303599999998,,11605.497,29303.3515,1457.64614,,,,,,,,,,,,,,,,10400.,,,,,,,,,,,,,,,,,,,,,,,,,,,,19.9,,147,250,,,,154,39,61,,,,,,23.5,584,25.6,208,11.7,,,,,,,,,,,,,456,26.4,55.2,,26.38,5.327,1.623,4.98,,4.28,,2.342,,2.092,,,,,,,,,,,,7.3,,3,,0.512485,,,0.70511,,,,,,,,,,,,,,,,,,,,,255907,
[9346],RIFT VOLCANICS,NORTHERN VARISCAN FORELAND / MIDLAND VALLEY SCOTLAND,"FIFE OLD RED SANDSTONE LAVA, AT THE MOUTH OF THE FIRTH OF TAY, NEAR DUNDEE",56.3,56.3,-3,-3,SUBAERIAL,,,s OC118 [9346],BASALT [9346],,,,,,,,,VOLCANIC ROCK,,,,,WHOLE_ROCK [9346] ,242925.9695,9931.0638,,90978.24690000001,,,,54255.54,56175.420000000006,46253.168,1022.28456,,8459.2285,28413.1231,1309.263,,,,,,,,,,,,,,,,19200.,,,,,,,,,,,,,,,,,,,,,,,,,,,,31.2,,188,333,,,,127,16,90,,,,,,17.2,547,26.5,190,9.4,,,,,,,,,,,,,250,17,42,,24,,,,,,,,,,,,,,,,,,,,,5.5,,0,1,,,,0.70405,,18.559,,15.538,,38.25,,,,,,,,,,,,,,,255908,
[9346],RIFT VOLCANICS,NORTHERN VARISCAN FORELAND / MIDLAND VALLEY SCOTLAND,"FIFE OLD RED SANDSTONE LAVA, AT THE MOUTH OF THE FIRTH OF TAY, NEAR DUNDEE",56.3,56.3,-3,-3,SUBAERIAL,,,s OC119 [9346],BASALT [9346],,,,,,,,,VOLCANIC ROCK,,,,,WHOLE_ROCK [9346] ,238859.28500000003,9595.4334,,90131.4453,,,,69412.89,54603.079999999994,39197.6,797.69174,,9330.886,29822.651399999995,1291.8061599999999,,,,,,,,,,,,,,,,14600.,,,,,,,,,,,,,,,,,,,,,,,,,,,,32.1,,193,342,,,,139,27,76,,,,,,18.9,573,30.5,184,10.6,,,,,,,,,,,,,285,19.1,43.3,,24.03,5.455,1.778,5.57,,5.01,,2.794,,2.489,,,,,,,,,,,,19.9,,2,0.99,0.512756,,,0.70415,,18.268,,15.548,,38.13,,,,,,,,,,,,,,,255909,
[9346],RIFT VOLCANICS,NORTHERN VARISCAN FORELAND / MIDLAND VALLEY SCOTLAND,"FIFE OLD RED SANDSTONE LAVA, AT THE MOUTH OF THE FIRTH OF TAY, NEAR DUNDEE",56.3,56.3,-3,-3,SUBAERIAL,,,s OC124 [9346],ANDESITE [9346],,,,,,,,,VOLCANIC ROCK,,,,,WHOLE_ROCK [9346] ,281162.1525,6341.0172,,87432.2652,,,,42829.229999999996,42095.829999999994,21407.92,875.1375400000001,,17549.371,30490.3227,1121.60197,,,,,,,,,,,,,,,,8800.,,,,,,,,,,,,,,,,,,,,,,,,,,,,17.8,,123,69,,,,31,18,64,,,,,,60.2,607,23.4,224,14,,,,,,,,,,,,,552,35.9,71.1,,30.15,5.547,1.499,4.77,,3.95,,2.18,,2,,,,,,,,,,,,14.9,,12,2.78,0.512418,,,0.70664,,18.843,,15.605,,38.78,,,,,,,,,,,,,,,255910,
[9346],RIFT VOLCANICS,NORTHERN VARISCAN FORELAND / MIDLAND VALLEY SCOTLAND,"FIFE OLD RED SANDSTONE LAVA, AT THE MOUTH OF THE FIRTH OF TAY, NEAR DUNDEE",56.3,56.3,-3,-3,SUBAERIAL,,,s OC128 [9346],RHYOLITE [9346],,,,,,,,,VOLCANIC ROCK,,,,,WHOLE_ROCK [9346] ,368619.24100000004,653.2805999999999,,63615.9702,,,,5285.64,3216.15,964.8639999999999,294.29404,,25967.092,33902.8649,192.02524,,,,,,,,,,,,,,,,5100.,,,,,,,,,,,,,,,,,,,,,,,,,,,,0.6,,8,4,,,,4,5,13,,,,,,65.6,128,21.3,94,16.7,,,,,,,,,,,,,791,18.9,41.8,,17.56,3.731,0.793,3.24,,3.27,,1.987,,2.089,,,,,,,,,,,,22.5,,10,,0.512649,,,,,,,,,,,,,,,,,,,,,,,,255911,
[9346],RIFT VOLCANICS,NORTHERN VARISCAN FORELAND / MIDLAND VALLEY SCOTLAND,"FIFE OLD RED SANDSTONE LAVA, AT THE MOUTH OF THE FIRTH OF TAY, NEAR DUNDEE",56.3,56.3,-3,-3,SUBAERIAL,,,s OC129 [9346],"ANDESITE, BASALTIC [9346]",,,,,,,,,VOLCANIC ROCK,,,,,WHOLE_ROCK [9346] ,258585.04200000002,8324.8326,,92248.44930000001,,,,47415.299999999996,51101.05,31961.119999999995,689.26762,,13033.355000000001,31454.7368,1125.9661800000001,,,,,,,,,,,,,,,,10900.,,,,,,,,,,,,,,,,,,,,,,,,,,,,23,,147,266,,,,103,22,64,,,,,,39.8,510,25.2,197,11.9,,,,,,,,,,,,,356,26.4,53.6,,24.94,5.179,1.575,5.01,,4.41,,2.464,,2.23,,,,,,,,,,,,10.8,,7,1.8,0.512577,,,0.7056,,18.682,,15.561,,38.47,,,,,,,,,,,,,,,255912,
[9346],RIFT VOLCANICS,NORTHERN VARISCAN FORELAND / MIDLAND VALLEY SCOTLAND,"FIFE OLD RED SANDSTONE LAVA, AT THE MOUTH OF THE FIRTH OF TAY, NEAR DUNDEE",56.3,56.3,-3,-3,SUBAERIAL,,,s OC131 [9346],ANDESITE [9346],,,,,,,,,VOLCANIC ROCK,,,,,WHOLE_ROCK [9346] ,280414.2565,7341.915,,85632.8118,,,,47726.219999999994,36878.520000000004,17066.032,472.41938,,20255.66,30638.694099999997,1706.4061100000001,,,,,,,,,,,,,,,,7900.,,,,,,,,,,,,,,,,,,,,,,,,,,,,18.3,,144,113,,,,83,19,73,,,,,,55.5,745,20.3,231,14.8,,,,,,,,,,,,,844,44.7,85.1,,35.8,6.173,1.699,4.95,,,,2.006,,1.766,,,,,,,,,,,,23.3,,7,2.23,0.512322,,,0.70579,,18.332,,15.513,,38.04,,,,,,,,,,,,,,,255913,
[9346],RIFT VOLCANICS,NORTHERN VARISCAN FORELAND / MIDLAND VALLEY SCOTLAND,"FIFE OLD RED SANDSTONE LAVA, AT THE MOUTH OF THE FIRTH OF TAY, NEAR DUNDEE",56.3,56.3,-3,-3,SUBAERIAL,,,s OC133 [9346],ANDESITE [9346],,,,,,,,,VOLCANIC ROCK,,,,,WHOLE_ROCK [9346] ,266998.87200000003,6460.8852,,84203.83410000001,,,,50213.58,47956.37,35217.536,890.6267,,13896.711,27077.780499999997,1069.23145,,,,,,,,,,,,,,,,8200.,,,,,,,,,,,,,,,,,,,,,,,,,,,,19.1,,125,249,,,,127,22,67,,,,,,45.2,483,24.2,209,14.7,,,,,,,,,,,,,389,31.8,62.5,,27.22,5.248,1.48,4.74,,4.12,,2.332,,2.152,,,,,,,,,,,,10.7,,9,,0.512556,,,0.70594,,,,,,,,,,,,,,,,,,,,,255914,
[9346],RIFT VOLCANICS,NORTHERN VARISCAN FORELAND / MIDLAND VALLEY SCOTLAND,"FIFE OLD RED SANDSTONE LAVA, AT THE MOUTH OF THE FIRTH OF TAY, NEAR DUNDEE",56.3,56.3,-3,-3,SUBAERIAL,,,s OC140 [9346],"ANDESITE, BASALTIC [9346]",,,,,,,,,VOLCANIC ROCK,,,,,WHOLE_ROCK [9346] ,246805.68,9547.4862,,94947.6294,,,,62728.11,54746.020000000004,29850.48,1153.9424199999999,,10235.7495,30861.2512,1226.34301,,,,,,,,,,,,,,,,6100.,,,,,,,,,,,,,,,,,,,,,,,,,,,,21.7,,178,28,,,,29,21,89,,,,,,25,618,30.2,209,11.1,,,,,,,,,,,,,367,22.9,51.4,,27.39,5.916,1.849,5.79,,5.26,,3.018,,2.774,,,,,,,,,,,,10.1,,2,,0.51269,,,0.7044,,,,,,,,,,,,,,,,,,,,,255915,
[9346],RIFT VOLCANICS,NORTHERN VARISCAN FORELAND / MIDLAND VALLEY SCOTLAND,"FIFE OLD RED SANDSTONE LAVA, AT THE MOUTH OF THE FIRTH OF TAY, NEAR DUNDEE",56.3,56.3,-3,-3,SUBAERIAL,,,s OC141 [9346],ANDESITE [9346],,,,,,,,,VOLCANIC ROCK,,,,,WHOLE_ROCK [9346] ,273215.7575,6844.462799999999,,87326.41500000001,,,,45705.24,41524.07,25448.287999999997,704.7567799999999,,18296.506,30935.436899999997,1169.6082800000001,,,,,,,,,,,,,,,,9600.,,,,,,,,,,,,,,,,,,,,,,,,,,,,17.5,,113,96,,,,46,23,65,,,,,,60.5,610,24.5,220,13.4,,,,,,,,,,,,,620,33.1,66.1,,29.12,5.552,1.57,4.89,,4.11,,2.266,,2.061,,,,,,,,,,,,13.2,,10,,0.512455,,,0.70667,,,,,,,,,,,,,,,,,,,,,255916,
[9346],RIFT VOLCANICS,NORTHERN VARISCAN FORELAND / MIDLAND VALLEY SCOTLAND,"FIFE OLD RED SANDSTONE LAVA, AT THE MOUTH OF THE FIRTH OF TAY, NEAR DUNDEE",56.3,56.3,-3,-3,SUBAERIAL,,,s OC147 [9346],ANDESITE [9346],,,,,,,,,VOLCANIC ROCK,,,,,WHOLE_ROCK [9346] ,276300.8285,7659.5652,,94630.0788,,,,43373.340000000004,33733.84,17488.16,1239.1328,,19558.334,35460.7646,1309.263,,,,,,,,,,,,,,,,10000,,,,,,,,,,,,,,,,,,,,,,,,,,,,15.3,,133,4,,,,7,9,88,,,,,,59.8,658,25.7,229,14.2,,,,,,,,,,,,,616,32,69,,33,,,,,,,,,,,,,,,,,,,,,20.1,,11,,,,,0.7057,,,,,,,,,,,,,,,,,,,,,255917,
[9346],RIFT VOLCANICS,NORTHERN VARISCAN FORELAND / MIDLAND VALLEY SCOTLAND,"FIFE OLD RED SANDSTONE LAVA, AT THE MOUTH OF THE FIRTH OF TAY, NEAR DUNDEE",56.3,56.3,-3,-3,SUBAERIAL,,,s OC128A [9346],RHYOLITE [9346],,,,,,,,,VOLCANIC ROCK,,,,,WHOLE_ROCK [9346] ,,,,,,,,,,,,,,,,,,,,,,,,,,,,,,,,,,,,,,,,,,,,,,,,,,,,,,,,,,,,,,,,,,,,,,,,,,81.5,161.7,,,,,,,,,,,,,,,,,,,,,,,,,,,,,,,,,,,,,,,,,,,,,,,,0.71388,,,,,,,,,,,,,,,,,,,,,255918,
[9346],RIFT VOLCANICS,NORTHERN VARISCAN FORELAND / MIDLAND VALLEY SCOTLAND,"FIFE OLD RED SANDSTONE LAVA, AT THE MOUTH OF THE FIRTH OF TAY, NEAR DUNDEE",56.3,56.3,-3,-3,SUBAERIAL,,,s OC72 [9346],"DIORITE, OLIVINE [9346]",,,,,,,,,PLUTONIC ROCK,,,,,WHOLE_ROCK [9346] ,,,,,,,,,,,,,,,,,,,,,,,,,,,,,,,,,,,,,,,,,,,,,,,,,,,,,,,,,,,,,,,,,,,,,,,,,,38.6,647,,,,,,,,,,,,,,,,,,,,,,,,,,,,,,,,,,,,,,,,,,,,,,,,0.70477,,,,,,,,,,,,,,,,,,,,,255921,
[9346],RIFT VOLCANICS,NORTHERN VARISCAN FORELAND / MIDLAND VALLEY SCOTLAND,"FIFE OLD RED SANDSTONE LAVA, EAST OF GLENFARG",56.3,56.3,-3,-3,SUBAERIAL,,,s OC82 [9346],"ANDESITE, BASALTIC [9346]",,,,,,,,,VOLCANIC ROCK,,,,,WHOLE_ROCK [9346] ,255827.1755,8109.070199999999,,96059.05649999999,,,,54877.38,59463.04,26051.328,1192.66532,,11148.914499999999,27300.3376,1235.07143,,,,,,,,,,,,,,,,7400.,,,,,,,,,,,,,,,,,,,,,,,,,,,,26.5,,187,28,,,,52,90,75,,,,,,31.3,627,24.8,187,9.7,,,,,,,,,,,,,390,23,55,,26,,,,,,,,,,,,,,,,,,,,,10.4,,4,,,,,,,,,,,,,,,,,,,,,,,,,,255956,
[9346],RIFT VOLCANICS,NORTHERN VARISCAN FORELAND / MIDLAND VALLEY SCOTLAND,"FIFE OLD RED SANDSTONE LAVA, EAST OF GLENFARG",56.3,56.3,-3,-3,SUBAERIAL,,,s OC83 [9346],"ANDESITE, BASALTIC [9346]",,,,,,,,,VOLCANIC ROCK,,,,,WHOLE_ROCK [9346] ,260595.0125,7827.3804,,90925.3218,,,,53711.43,51887.22,27378.016,1014.53998,,14112.55,28858.2373,1256.89248,,,,,,,,,,,,,,,,7800.,,,,,,,,,,,,,,,,,,,,,,,,,,,,20.5,,150,92,,,,63,30,65,,,,,,42.1,521,27.8,199,12.3,,,,,,,,,,,,,400,25,55,,28,,,,,,,,,,,,,,,,,,,,,10.6,,6,,,,,,,,,,,,,,,,,,,,,,,,,,255957,
[9346],RIFT VOLCANICS,NORTHERN VARISCAN FORELAND / MIDLAND VALLEY SCOTLAND,"FIFE OLD RED SANDSTONE LAVA, EAST OF GLENFARG",56.3,56.3,-3,-3,SUBAERIAL,,,s OC84 [9346],"ANDESITE, BASALTIC [9346]",,,,,,,,,VOLCANIC ROCK,,,,,WHOLE_ROCK [9346] ,259426.42500000002,7941.254999999999,,91772.1234,,,,52545.479999999996,51243.99,28945.92,983.56166,,13838.6005,26929.409099999997,1269.9851099999998,,,,,,,,,,,,,,,,7600.,,,,,,,,,,,,,,,,,,,,,,,,,,,,19.1,,138,85,,,,62,27,68,,,,,,43.1,541,26.2,200,11.6,,,,,,,,,,,,,412,26,55,,26,,,,,,,,,,,,,,,,,,,,,10.3,,7,,,,,,,,,,,,,,,,,,,,,,,,,,255958,
[9346],RIFT VOLCANICS,NORTHERN VARISCAN FORELAND / MIDLAND VALLEY SCOTLAND,"FIFE OLD RED SANDSTONE LAVA, EAST OF GLENFARG",56.3,56.3,-3,-3,SUBAERIAL,,,s OC85 [9346],"ANDESITE, BASALTIC [9346]",,,,,,,,,VOLCANIC ROCK,,,,,WHOLE_ROCK [9346] ,244094.557,7198.0734,,93994.97760000001,,,,60396.21,63393.88999999999,31538.992000000002,1246.8773800000001,,11207.025000000001,27893.8232,1274.34932,,,,,,,,,,,,,,,,10600.,,,,,,,,,,,,,,,,,,,,,,,,,,,,25.9,,191,222,,,,103,30,67,,,,,,29.9,566,25.1,188,7,,,,,,,,,,,,,422,22,49,,25,,,,,,,,,,,,,,,,,,,,,,,4,,,,,,,,,,,,,,,,,,,,,,,,,,255959,
[9346],RIFT VOLCANICS,NORTHERN VARISCAN FORELAND / MIDLAND VALLEY SCOTLAND,"FIFE OLD RED SANDSTONE LAVA, EAST OF GLENFARG",56.3,56.3,-3,-3,SUBAERIAL,,,s OC86 [9346],"ANDESITE, BASALTIC [9346]",,,,,,,,,VOLCANIC ROCK,,,,,WHOLE_ROCK [9346] ,258024.12000000002,8558.5752,,96694.1577,,,,56509.71,47241.670000000006,22372.784,727.99052,,13481.636,32493.3366,1566.75139,,,,,,,,,,,,,,,,7600.,,,,,,,,,,,,,,,,,,,,,,,,,,,,16,,117,26,,,,19,17,64,,,,,,34,628,31.2,249,12.7,,,,,,,,,,,,,425,26,65,,30,,,,,,,,,,,,,,,,,,,,,12.5,,5,,,,,,,,,,,,,,,,,,,,,,,,,,255960,
[9346],RIFT VOLCANICS,NORTHERN VARISCAN FORELAND / MIDLAND VALLEY SCOTLAND,"FIFE OLD RED SANDSTONE LAVA, EAST OF GLENFARG",56.3,56.3,-3,-3,SUBAERIAL,,,s OC90 [9346],"ANDESITE, BASALTIC [9346]",,,,,,,,,VOLCANIC ROCK,,,,,WHOLE_ROCK [9346] ,246992.65400000004,7485.756600000001,,85897.4373,,,,59152.530000000006,70755.3,41730.367999999995,666.03388,,9422.2025,24852.2095,1021.2251400000001,,,,,,,,,,,,,,,,27500.,,,,,,,,,,,,,,,,,,,,,,,,,,,,25.9,,167,409,,,,210,32,73,,,,,,16.8,597,22.7,169,7.7,,,,,,,,,,,,,330,19,38,,18,,,,,,,,,,,,,,,,,,,,,7.9,,4,,,,,,,,,,,,,,,,,,,,,,,,,,255961,
[9346],RIFT VOLCANICS,NORTHERN VARISCAN FORELAND / MIDLAND VALLEY SCOTLAND,"FIFE OLD RED SANDSTONE LAVA, EAST OF GLENFARG",56.3,56.3,-3,-3,SUBAERIAL,,,s OC91 [9346],"ANDESITE, BASALTIC [9346]",,,,,,,,,VOLCANIC ROCK,,,,,WHOLE_ROCK [9346] ,244468.505,7443.8027999999995,,85156.4859,,,,50679.96,76187.02,41247.935999999994,774.4580000000001,,13946.519999999999,23442.6812,1283.07774,,,,,,,,,,,,,,,,35300.,,,,,,,,,,,,,,,,,,,,,,,,,,,,26.2,,184,507,,,,296,37,93,,,,,,33.6,674,24.3,228,7.6,,,,,,,,,,,,,519,22,50,,28,,,,,,,,,,,,,,,,,,,,,8.9,,6,,,,,,,,,,,,,,,,,,,,,,,,,,255962,
[9346],RIFT VOLCANICS,NORTHERN VARISCAN FORELAND / MIDLAND VALLEY SCOTLAND,"FIFE OLD RED SANDSTONE LAVA, EAST OF GLENFARG",56.3,56.3,-3,-3,SUBAERIAL,,,s OC92 [9346],"ANDESITE, BASALTIC [9346]",,,,,,,,,VOLCANIC ROCK,,,,,WHOLE_ROCK [9346] ,244935.94,9421.6248,,99234.5625,,,,50602.229999999996,70612.36,19478.192,743.47968,,13431.827000000001,33161.0079,1309.263,,,,,,,,,,,,,,,,31000.,,,,,,,,,,,,,,,,,,,,,,,,,,,,21.9,,200,33,,,,41,28,127,,,,,,39.5,709,29.6,209,7.6,,,,,,,,,,,,,446,20,48,,27,,,,,,,,,,,,,,,,,,,,,13.2,,4,,,,,,,,,,,,,,,,,,,,,,,,,,255963,
[9346],RIFT VOLCANICS,NORTHERN VARISCAN FORELAND / MIDLAND VALLEY SCOTLAND,"FIFE OLD RED SANDSTONE LAVA, EAST OF GLENFARG",56.3,56.3,-3,-3,SUBAERIAL,,,s OC93 [9346],ANDESITE [9346],,,,,,,,,VOLCANIC ROCK,,,,,WHOLE_ROCK [9346] ,274805.03650000005,6442.905,,83198.25720000001,,,,45394.32,43453.76,29126.832,557.6097599999999,,22339.336499999998,25000.5809,1269.9851099999998,,,,,,,,,,,,,,,,13899.999999999998,,,,,,,,,,,,,,,,,,,,,,,,,,,,17.1,,112,154,,,,90,37,66,,,,,,79.6,735,23.4,244,13.3,,,,,,,,,,,,,796,42,89,,39,,,,,,,,,,,,,,,,,,,,,14.1,,11,,,,,,,,,,,,,,,,,,,,,,,,,,255964,
[9346],RIFT VOLCANICS,NORTHERN VARISCAN FORELAND / MIDLAND VALLEY SCOTLAND,"FIFE OLD RED SANDSTONE LAVA, EAST OF GLENFARG",56.3,56.3,-3,-3,SUBAERIAL,,,s OC94 [9346],ANDESITE [9346],,,,,,,,,VOLCANIC ROCK,,,,,WHOLE_ROCK [9346] ,276721.52,6400.9512,,82298.53050000001,,,,47803.950000000004,50243.41,22553.696,627.31098,,22721.2055,23220.124099999997,1269.9851099999998,,,,,,,,,,,,,,,,27599.999999999996,,,,,,,,,,,,,,,,,,,,,,,,,,,,18.6,,110,163,,,,89,26,61,,,,,,83.2,661,25.3,261,14,,,,,,,,,,,,,725,40,82,,37,,,,,,,,,,,,,,,,,,,,,15.8,,10,,,,,,,,,,,,,,,,,,,,,,,,,,255965,
[9346],RIFT VOLCANICS,NORTHERN VARISCAN FORELAND / MIDLAND VALLEY SCOTLAND,"FIFE OLD RED SANDSTONE LAVA, EAST OF GLENFARG",56.3,56.3,-3,-3,SUBAERIAL,,,s OC95 [9346],"ANDESITE, BASALTIC [9346]",,,,,,,,,VOLCANIC ROCK,,,,,WHOLE_ROCK [9346] ,264708.4405,7431.816,,96429.5322,,,,54488.729999999996,42238.770000000004,16945.424,913.8604399999999,,16071.704,33680.3078,1915.8881900000001,,,,,,,,,,,,,,,,11299.999999999998,,,,,,,,,,,,,,,,,,,,,,,,,,,,14.5,,112,3,,,,6,11,62,,,,,,45.2,615,29.8,258,13.4,,,,,,,,,,,,,511,28,68,,33,,,,,,,,,,,,,,,,,,,,,12.4,,5,,,,,,,,,,,,,,,,,,,,,,,,,,255966,
[9346],RIFT VOLCANICS,NORTHERN VARISCAN FORELAND / MIDLAND VALLEY SCOTLAND,"FIFE OLD RED SANDSTONE LAVA, EAST OF GLENFARG",56.3,56.3,-3,-3,SUBAERIAL,,,s OC96 [9346],"ANDESITE, BASALTIC [9346]",,,,,,,,,VOLCANIC ROCK,,,,,WHOLE_ROCK [9346] ,244748.96600000001,8420.726999999999,,83462.8827,,,,58452.96,55246.310000000005,49388.975999999995,1153.9424199999999,,15183.4435,23294.3098,1614.7576999999999,,,,,,,,,,,,,,,,25299.999999999996,,,,,,,,,,,,,,,,,,,,,,,,,,,,24,,166,433,,,,207,26,74,,,,,,46.4,544,27.8,266,9.3,,,,,,,,,,,,,517,27,58,,31,,,,,,,,,,,,,,,,,,,,,6.5,,6,,,,,,,,,,,,,,,,,,,,,,,,,,255967,
[9346],RIFT VOLCANICS,NORTHERN VARISCAN FORELAND / MIDLAND VALLEY SCOTLAND,"FIFE OLD RED SANDSTONE LAVA, EAST OF GLENFARG",56.3,56.3,-3,-3,SUBAERIAL,,,s OC98 [9346],ANDESITE [9346],,,,,,,,,VOLCANIC ROCK,,,,,WHOLE_ROCK [9346] ,283031.8925,6263.102999999999,,83992.1337,,,,40497.33,37235.87,27257.407999999996,1223.64364,,16378.8595,28932.423,1562.38718,,,,,,,,,,,,,,,,14900.,,,,,,,,,,,,,,,,,,,,,,,,,,,,12.9,,108,145,,,,79,23,71,,,,,,19,850,20.2,245,15.1,,,,,,,,,,,,,959,46,88,,37,,,,,,,,,,,,,,,,,,,,,16,,8,,,,,,,,,,,,,,,,,,,,,,,,,,255968,
[9346],RIFT VOLCANICS,NORTHERN VARISCAN FORELAND / MIDLAND VALLEY SCOTLAND,"FIFE OLD RED SANDSTONE LAVA, EAST OF GLENFARG",56.3,56.3,-3,-3,SUBAERIAL,,,s OC100 [9346],"ANDESITE, BASALTIC [9346]",,,,,,,,,VOLCANIC ROCK,,,,,WHOLE_ROCK [9346] ,263399.62250000006,7419.829199999999,,88808.3178,,,,50990.88,51243.99,30935.951999999997,758.96884,,9845.579,30341.951299999997,1095.41671,,,,,,,,,,,,,,,,5900.,,,,,,,,,,,,,,,,,,,,,,,,,,,,20,,136,130,,,,56,26,66,,,,,,25.3,558,21.3,162,8.7,,,,,,,,,,,,,335,18,40,,20,,,,,,,,,,,,,,,,,,,,,6.6,,1,,,,,,,,,,,,,,,,,,,,,,,,,,255969,
[9346],RIFT VOLCANICS,NORTHERN VARISCAN FORELAND / MIDLAND VALLEY SCOTLAND,"FIFE OLD RED SANDSTONE LAVA, EAST OF GLENFARG",56.3,56.3,-3,-3,SUBAERIAL,,,s OC101 [9346],"ANDESITE, BASALTIC [9346]",,,,,,,,,VOLCANIC ROCK,,,,,WHOLE_ROCK [9346] ,255827.1755,7815.393599999999,,88384.917,,,,53400.51,58176.58,34554.192,844.15922,,7562.6665,27448.709,1226.34301,,,,,,,,,,,,,,,,10700.,,,,,,,,,,,,,,,,,,,,,,,,,,,,22.7,,155,135,,,,99,35,70,,,,,,7.7,610,24.1,183,11.3,,,,,,,,,,,,,371,22,48,,23,,,,,,,,,,,,,,,,,,,,,6.9,,4,,,,,,,,,,,,,,,,,,,,,,,,,,255970,
[9346],RIFT VOLCANICS,NORTHERN VARISCAN FORELAND / MIDLAND VALLEY SCOTLAND,"FIFE OLD RED SANDSTONE LAVA, EAST OF GLENFARG",56.3,56.3,-3,-3,SUBAERIAL,,,s OC105 [9346],"ANDESITE, BASALTIC [9346]",,,,,,,,,VOLCANIC ROCK,,,,,WHOLE_ROCK [9346] ,260828.73,9349.704,,97435.1091,,,,49203.090000000004,28659.469999999998,28403.183999999997,402.71815999999995,,24946.0075,31974.036699999997,1592.9366499999999,,,,,,,,,,,,,,,,19000.,,,,,,,,,,,,,,,,,,,,,,,,,,,,20.5,,164,8,,,,23,15,120,,,,,,48.8,537,27.5,240,13.1,,,,,,,,,,,,,461,31,64,,30,,,,,,,,,,,,,,,,,,,,,16.8,,7,,,,,,,,,,,,,,,,,,,,,,,,,,255971,
[9346],RIFT VOLCANICS,NORTHERN VARISCAN FORELAND / MIDLAND VALLEY SCOTLAND,"FIFE OLD RED SANDSTONE LAVA, EAST OF GLENFARG",56.3,56.3,-3,-3,SUBAERIAL,,,s OC106 [9346],ANDESITE [9346],,,,,,,,,VOLCANIC ROCK,,,,,WHOLE_ROCK [9346] ,287332.2945,5969.426399999999,,91454.57280000001,,,,35678.07,32375.910000000003,17729.376,890.6267,,19516.8265,31825.6653,1165.24407,,,,,,,,,,,,,,,,11500.,,,,,,,,,,,,,,,,,,,,,,,,,,,,13.5,,107,23,,,,22,19,65,,,,,,59.2,623,24.9,222,12.5,,,,,,,,,,,,,645,35,79,,35,,,,,,,,,,,,,,,,,,,,,17,,10,,,,,,,,,,,,,,,,,,,,,,,,,,255972,
[9346],RIFT VOLCANICS,NORTHERN VARISCAN FORELAND / MIDLAND VALLEY SCOTLAND,"FIFE OLD RED SANDSTONE LAVA, EAST OF GLENFARG",56.3,56.3,-3,-3,SUBAERIAL,,,s OC107 [9346],"ANDESITE, BASALTIC [9346]",,,,,,,,,VOLCANIC ROCK,,,,,WHOLE_ROCK [9346] ,260501.52550000002,7587.644399999999,,98017.2852,,,,49125.36,31303.86,27860.448,580.8435,,36974.881,23591.0526,1104.14513,,,,,,,,,,,,,,,,37100.,,,,,,,,,,,,,,,,,,,,,,,,,,,,21.7,,183,12,,,,15,16,84,,,,,,52.6,500,23,173,9.4,,,,,,,,,,,,,619,31,61,,30,,,,,,,,,,,,,,,,,,,,,14.3,,8,,,,,,,,,,,,,,,,,,,,,,,,,,255973,
[9346],RIFT VOLCANICS,NORTHERN VARISCAN FORELAND / MIDLAND VALLEY SCOTLAND,"FIFE OLD RED SANDSTONE LAVA, EAST OF GLENFARG",56.3,56.3,-3,-3,SUBAERIAL,,,s OC108 [9346],ANDESITE [9346],,,,,,,,,VOLCANIC ROCK,,,,,WHOLE_ROCK [9346] ,271252.53050000005,8139.0372,,93201.1011,,,,46327.08,44239.93,17669.072,782.20258,,16893.5525,32344.965200000002,1095.41671,,,,,,,,,,,,,,,,9800.,,,,,,,,,,,,,,,,,,,,,,,,,,,,17,,162,8,,,,12,20,69,,,,,,53.2,656,25.8,194,13.4,,,,,,,,,,,,,595,26,62,,28,,,,,,,,,,,,,,,,,,,,,15.8,,7,,,,,,,,,,,,,,,,,,,,,,,,,,255974,
[9346],RIFT VOLCANICS,NORTHERN VARISCAN FORELAND / MIDLAND VALLEY SCOTLAND,"FIFE OLD RED SANDSTONE LAVA, EAST OF GLENFARG",56.3,56.3,-3,-3,SUBAERIAL,,,s OC111 [9346],ANDESITE [9346],,,,,,,,,VOLCANIC ROCK,,,,,WHOLE_ROCK [9346] ,349688.12350000005,767.1551999999999,,77058.9456,,,,8550.300000000001,6503.77,2291.5519999999997,325.27236,,50473.12,17804.568,205.11787,,,,,,,,,,,,,,,,20099.999999999996,,,,,,,,,,,,,,,,,,,,,,,,,,,,1.2,,3,4,,,,4,3,24,,,,,,127,102,26.5,115,20.3,,,,,,,,,,,,,1010,23,55,,24,,,,,,,,,,,,,,,,,,,,,14.7,,12,,,,,,,,,,,,,,,,,,,,,,,,,,255975,
[9346],RIFT VOLCANICS,NORTHERN VARISCAN FORELAND / MIDLAND VALLEY SCOTLAND,"FIFE OLD RED SANDSTONE LAVA, EAST OF GLENFARG",56.3,56.3,-3,-3,SUBAERIAL,,,s OC113 [9346],"ANDESITE, BASALTIC [9346]",,,,,,,,,VOLCANIC ROCK,,,,,WHOLE_ROCK [9346] ,246992.65400000004,10002.9846,,98652.3864,,,,65837.31000000001,53531.03,21166.703999999998,573.09892,,13265.797,29600.0943,1501.2882399999999,,,,,,,,,,,,,,,,11900.,,,,,,,,,,,,,,,,,,,,,,,,,,,,19.5,,166,8,,,,17,16,82,,,,,,32.6,665,30.4,226,16,,,,,,,,,,,,,408,28,57,,30,,,,,,,,,,,,,,,,,,,,,8.3,,6,,,,,,,,,,,,,,,,,,,,,,,,,,255976,
[9346],RIFT VOLCANICS,NORTHERN VARISCAN FORELAND / MIDLAND VALLEY SCOTLAND,"FIFE OLD RED SANDSTONE LAVA, EAST OF GLENFARG",56.3,56.3,-3,-3,SUBAERIAL,,,s OC117 [9346],RHYOLITE [9346],,,,,,,,,VOLCANIC ROCK,,,,,WHOLE_ROCK [9346] ,370115.03300000005,779.1419999999999,,73512.9639,,,,5752.0199999999995,6074.95,1206.08,534.37602,,39224.587499999994,1261.1569,235.66734,,,,,,,,,,,,,,,,35600.,,,,,,,,,,,,,,,,,,,,,,,,,,,,0.9,,11,4,,,,9,48,5,,,,,,93,258,17,110,18.2,,,,,,,,,,,,,656,37,73,,26,,,,,,,,,,,,,,,,,,,,,9.3,,13,,,,,,,,,,,,,,,,,,,,,,,,,,255977,
[9346],RIFT VOLCANICS,NORTHERN VARISCAN FORELAND / MIDLAND VALLEY SCOTLAND,"FIFE OLD RED SANDSTONE LAVA, EAST OF GLENFARG",56.3,56.3,-3,-3,SUBAERIAL,,,s OC120 [9346],ANDESITE [9346],,,,,,,,,VOLCANIC ROCK,,,,,WHOLE_ROCK [9346] ,267139.10250000004,6568.7664,,92777.70030000001,,,,46016.159999999996,46455.5,28403.183999999997,929.3496,,14926.097,32122.4081,1239.43564,,,,,,,,,,,,,,,,11800.,,,,,,,,,,,,,,,,,,,,,,,,,,,,21.4,,144,154,,,,81,32,72,,,,,,41.8,710,24.2,191,11.5,,,,,,,,,,,,,560,27,55,,27,,,,,,,,,,,,,,,,,,,,,16.7,,4,,,,,,,,,,,,,,,,,,,,,,,,,,255978,
[9346],RIFT VOLCANICS,NORTHERN VARISCAN FORELAND / MIDLAND VALLEY SCOTLAND,"FIFE OLD RED SANDSTONE LAVA, EAST OF GLENFARG",56.3,56.3,-3,-3,SUBAERIAL,,,s OC121 [9346],"ANDESITE, BASALTIC [9346]",,,,,,,,,VOLCANIC ROCK,,,,,WHOLE_ROCK [9346] ,262371.26550000004,6670.6542,,92142.5991,,,,46093.89,48671.07,30091.696,929.3496,,14452.9115,29822.651399999995,1235.07143,,,,,,,,,,,,,,,,10100.,,,,,,,,,,,,,,,,,,,,,,,,,,,,21.7,,150,171,,,,93,32,72,,,,,,37,719,23,186,11.1,,,,,,,,,,,,,542,25,50,,25,,,,,,,,,,,,,,,,,,,,,14.7,,6,,,,,,,,,,,,,,,,,,,,,,,,,,255979,
[9346],RIFT VOLCANICS,NORTHERN VARISCAN FORELAND / MIDLAND VALLEY SCOTLAND,"FIFE OLD RED SANDSTONE LAVA, EAST OF GLENFARG",56.3,56.3,-3,-3,SUBAERIAL,,,s OC122 [9346],ANDESITE [9346],,,,,,,,,VOLCANIC ROCK,,,,,WHOLE_ROCK [9346] ,281723.07450000005,6275.089799999999,,87591.0405,,,,43062.42,40594.96,20081.232,557.6097599999999,,18836.1035,29229.1658,1121.60197,,,,,,,,,,,,,,,,11000.,,,,,,,,,,,,,,,,,,,,,,,,,,,,19,,125,93,,,,34,19,66,,,,,,64.9,587,21.9,226,13.9,,,,,,,,,,,,,565,35,73,,31,,,,,,,,,,,,,,,,,,,,,15.8,,11,,,,,,,,,,,,,,,,,,,,,,,,,,255980,
[9346],RIFT VOLCANICS,NORTHERN VARISCAN FORELAND / MIDLAND VALLEY SCOTLAND,"FIFE OLD RED SANDSTONE LAVA, EAST OF GLENFARG",56.3,56.3,-3,-3,SUBAERIAL,,,s OC123 [9346],ANDESITE [9346],,,,,,,,,VOLCANIC ROCK,,,,,WHOLE_ROCK [9346] ,279806.591,6358.997399999999,,87008.8644,,,,43217.88,44025.520000000004,23397.951999999997,1122.9641,,12186.601999999999,32048.222400000002,1091.0525,,,,,,,,,,,,,,,,10600.,,,,,,,,,,,,,,,,,,,,,,,,,,,,16.9,,125,67,,,,30,17,67,,,,,,29.7,657,23.1,225,14.6,,,,,,,,,,,,,587,37,72,,30,,,,,,,,,,,,,,,,,,,,,14.7,,10,,,,,,,,,,,,,,,,,,,,,,,,,,255981,
[9346],RIFT VOLCANICS,NORTHERN VARISCAN FORELAND / MIDLAND VALLEY SCOTLAND,"FIFE OLD RED SANDSTONE LAVA, EAST OF GLENFARG",56.3,56.3,-3,-3,SUBAERIAL,,,s OC126 [9346],RHYOLITE [9346],,,,,,,,,VOLCANIC ROCK,,,,,WHOLE_ROCK [9346] ,353334.11650000006,719.208,,71078.4093,,,,12203.61,2072.6299999999997,1809.12,216.84824,,25460.700500000003,41618.1777,205.11787,,,,,,,,,,,,,,,,6300.,,,,,,,,,,,,,,,,,,,,,,,,,,,,0.8,,2,4,,,,5,32,26,,,,,,39.3,141,21.9,105,19.7,,,,,,,,,,,,,853,23,53,,24,,,,,,,,,,,,,,,,,,,,,,,13,,,,,,,,,,,,,,,,,,,,,,,,,,255982,
[9346],RIFT VOLCANICS,NORTHERN VARISCAN FORELAND / MIDLAND VALLEY SCOTLAND,"FIFE OLD RED SANDSTONE LAVA, EAST OF GLENFARG",56.3,56.3,-3,-3,SUBAERIAL,,,s OC130 [9346],ANDESITE [9346],,,,,,,,,VOLCANIC ROCK,,,,,WHOLE_ROCK [9346] ,275926.8805,7641.584999999999,,95106.4047,,,,45782.969999999994,31875.62,15498.127999999999,851.9038,,20180.946500000002,33977.0506,1296.17037,,,,,,,,,,,,,,,,14100.,,,,,,,,,,,,,,,,,,,,,,,,,,,,15.6,,138,3,,,,7,9,68,,,,,,62.3,644,25.6,231,14.3,,,,,,,,,,,,,618,31,69,,32,,,,,,,,,,,,,,,,,,,,,18.2,,10,,,,,,,,,,,,,,,,,,,,,,,,,,255983,
[9346],RIFT VOLCANICS,NORTHERN VARISCAN FORELAND / MIDLAND VALLEY SCOTLAND,"FIFE OLD RED SANDSTONE LAVA, EAST OF GLENFARG",56.3,56.3,-3,-3,SUBAERIAL,,,s OC132 [9346],"ANDESITE, BASALTIC [9346]",,,,,,,,,VOLCANIC ROCK,,,,,WHOLE_ROCK [9346] ,257556.68500000003,7809.400199999999,,86585.4636,,,,54022.35,50743.7,38293.03999999999,689.26762,,12178.300500000001,29080.7944,1064.86724,,,,,,,,,,,,,,,,10400.,,,,,,,,,,,,,,,,,,,,,,,,,,,,22.6,,137,255,,,,115,26,68,,,,,,36.5,493,24.3,186,11.3,,,,,,,,,,,,,337,26,53,,23,,,,,,,,,,,,,,,,,,,,,10.2,,7,,,,,,,,,,,,,,,,,,,,,,,,,,255984,
[9346],RIFT VOLCANICS,NORTHERN VARISCAN FORELAND / MIDLAND VALLEY SCOTLAND,"FIFE OLD RED SANDSTONE LAVA, EAST OF GLENFARG",56.3,56.3,-3,-3,SUBAERIAL,,,s OC134 [9346],ANDESITE [9346],,,,,,,,,VOLCANIC ROCK,,,,,WHOLE_ROCK [9346] ,281676.331,6448.8984,,89549.26920000001,,,,40808.25,37521.75,23578.863999999998,487.90854,,18171.983500000002,29451.7229,1169.6082800000001,,,,,,,,,,,,,,,,12200.,,,,,,,,,,,,,,,,,,,,,,,,,,,,20.8,,131,90,,,,31,19,72,,,,,,63.1,605,21.6,228,14.2,,,,,,,,,,,,,579,38,74,,31,,,,,,,,,,,,,,,,,,,,,15.9,,9,,,,,,,,,,,,,,,,,,,,,,,,,,255985,
[9346],RIFT VOLCANICS,NORTHERN VARISCAN FORELAND / MIDLAND VALLEY SCOTLAND,"FIFE OLD RED SANDSTONE LAVA, EAST OF GLENFARG",56.3,56.3,-3,-3,SUBAERIAL,,,s OC135 [9346],ANDESITE [9346],,,,,,,,,VOLCANIC ROCK,,,,,WHOLE_ROCK [9346] ,277562.90300000005,6922.3769999999995,,89655.11940000001,,,,43373.340000000004,42596.12,20563.664,805.4363199999999,,18080.667,30119.394199999995,1213.2503800000002,,,,,,,,,,,,,,,,10400.,,,,,,,,,,,,,,,,,,,,,,,,,,,,18.3,,132,52,,,,33,22,59,,,,,,60.7,612,23.8,236,14.3,,,,,,,,,,,,,576,35,76,,31,,,,,,,,,,,,,,,,,,,,,15.4,,10,,,,,,,,,,,,,,,,,,,,,,,,,,255986,
[9346],RIFT VOLCANICS,NORTHERN VARISCAN FORELAND / MIDLAND VALLEY SCOTLAND,"FIFE OLD RED SANDSTONE LAVA, EAST OF GLENFARG",56.3,56.3,-3,-3,SUBAERIAL,,,s OC136 [9346],ANDESITE [9346],,,,,,,,,VOLCANIC ROCK,,,,,WHOLE_ROCK [9346] ,275926.8805,6910.3902,,87855.66600000001,,,,44617.020000000004,43239.35,21830.048,619.5664,,18171.983500000002,31603.1082,1187.0651200000002,,,,,,,,,,,,,,,,9800.,,,,,,,,,,,,,,,,,,,,,,,,,,,,18.3,,116,83,,,,43,20,65,,,,,,60.4,590,25.7,229,15,,,,,,,,,,,,,559,33,73,,30,,,,,,,,,,,,,,,,,,,,,13.7,,11,,,,,,,,,,,,,,,,,,,,,,,,,,255987,
[9346],RIFT VOLCANICS,NORTHERN VARISCAN FORELAND / MIDLAND VALLEY SCOTLAND,"FIFE OLD RED SANDSTONE LAVA, EAST OF GLENFARG",56.3,56.3,-3,-3,SUBAERIAL,,,s OC137 [9346],"ANDESITE, BASALTIC [9346]",,,,,,,,,VOLCANIC ROCK,,,,,WHOLE_ROCK [9346] ,256855.53250000003,8936.1594,,91613.3481,,,,51845.909999999996,57604.82000000001,28041.36,1099.7303599999998,,11879.4465,29451.7229,1317.99142,,,,,,,,,,,,,,,,6600.,,,,,,,,,,,,,,,,,,,,,,,,,,,,23.4,,158,110,,,,42,30,61,,,,,,32,611,26.8,207,11.2,,,,,,,,,,,,,399,23,51,,26,,,,,,,,,,,,,,,,,,,,,7.7,,4,,,,,,,,,,,,,,,,,,,,,,,,,,255988,
[9346],RIFT VOLCANICS,NORTHERN VARISCAN FORELAND / MIDLAND VALLEY SCOTLAND,"FIFE OLD RED SANDSTONE LAVA, EAST OF GLENFARG",56.3,56.3,-3,-3,SUBAERIAL,,,s OC138 [9346],ANDESITE [9346],,,,,,,,,VOLCANIC ROCK,,,,,WHOLE_ROCK [9346] ,277422.67250000004,6886.4166,,88279.0668,,,,47415.299999999996,38665.270000000004,22071.264,410.46274,,18504.0435,28116.3803,1195.7935400000001,,,,,,,,,,,,,,,,11399.999999999998,,,,,,,,,,,,,,,,,,,,,,,,,,,,18.4,,100,53,,,,35,19,73,,,,,,63.5,617,25.5,233,14.2,,,,,,,,,,,,,575,32,68,,29,,,,,,,,,,,,,,,,,,,,,16.6,,12,,,,,,,,,,,,,,,,,,,,,,,,,,255989,
[9346],RIFT VOLCANICS,NORTHERN VARISCAN FORELAND / MIDLAND VALLEY SCOTLAND,"FIFE OLD RED SANDSTONE LAVA, EAST OF GLENFARG",56.3,56.3,-3,-3,SUBAERIAL,,,s OC139 [9346],"ANDESITE, BASALTIC [9346]",,,,,,,,,VOLCANIC ROCK,,,,,WHOLE_ROCK [9346] ,256949.01950000002,8450.694,,91613.3481,,,,54566.46,56747.18,26352.847999999998,1006.7954,,11397.9595,29229.1658,1165.24407,,,,,,,,,,,,,,,,5600.000000000001,,,,,,,,,,,,,,,,,,,,,,,,,,,,19.4,,139,69,,,,30,27,61,,,,,,33.5,567,27.8,194,10.2,,,,,,,,,,,,,410,22,51,,25,,,,,,,,,,,,,,,,,,,,,7,,6,,,,,,,,,,,,,,,,,,,,,,,,,,255990,
[9346],RIFT VOLCANICS,NORTHERN VARISCAN FORELAND / MIDLAND VALLEY SCOTLAND,"FIFE OLD RED SANDSTONE LAVA, EAST OF GLENFARG",56.3,56.3,-3,-3,SUBAERIAL,,,s OC143 [9346],"ANDESITE, BASALTIC [9346]",,,,,,,,,VOLCANIC ROCK,,,,,WHOLE_ROCK [9346] ,266157.489,7845.360599999999,,91189.9473,,,,49358.549999999996,43167.88,25086.464,937.0941799999999,,16287.543,33309.3793,1296.17037,,,,,,,,,,,,,,,,10700.,,,,,,,,,,,,,,,,,,,,,,,,,,,,17.9,,125,36,,,,41,26,65,,,,,,50.2,585,25.2,220,13,,,,,,,,,,,,,518,29,62,,29,,,,,,,,,,,,,,,,,,,,,12.3,,6,,,,,,,,,,,,,,,,,,,,,,,,,,255991,
[9346],RIFT VOLCANICS,NORTHERN VARISCAN FORELAND / MIDLAND VALLEY SCOTLAND,"FIFE OLD RED SANDSTONE LAVA, EAST OF GLENFARG",56.3,56.3,-3,-3,SUBAERIAL,,,s OC145 [9346],ANDESITE [9346],,,,,,,,,VOLCANIC ROCK,,,,,WHOLE_ROCK [9346] ,277843.364,6706.6146,,85685.7369,,,,42751.5,43024.939999999995,28644.399999999998,1215.89906,,13240.8925,29229.1658,1008.13251,,,,,,,,,,,,,,,,11900.,,,,,,,,,,,,,,,,,,,,,,,,,,,,16.2,,121,78,,,,60,33,90,,,,,,23.2,640,22.1,209,14.2,,,,,,,,,,,,,584,37,79,,32,,,,,,,,,,,,,,,,,,,,,15.9,,14,,,,,,,,,,,,,,,,,,,,,,,,,,255992,
[9346],RIFT VOLCANICS,NORTHERN VARISCAN FORELAND / MIDLAND VALLEY SCOTLAND,"FIFE OLD RED SANDSTONE LAVA, EAST OF GLENFARG",56.3,56.3,-3,-3,SUBAERIAL,,,s OC148 [9346],"ANDESITE, BASALTIC [9346]",,,,,,,,,VOLCANIC ROCK,,,,,WHOLE_ROCK [9346] ,255967.40600000002,8558.5752,,91983.8238,,,,54488.729999999996,58105.11000000001,26594.064,735.7351,,11157.216,28635.6802,1152.15144,,,,,,,,,,,,,,,,8900.,,,,,,,,,,,,,,,,,,,,,,,,,,,,20.3,,157,81,,,,31,24,61,,,,,,29.6,599,26.6,189,10,,,,,,,,,,,,,399,21,49,,25,,,,,,,,,,,,,,,,,,,,,9.6,,3,,,,,,,,,,,,,,,,,,,,,,,,,,255993,
[9346],RIFT VOLCANICS,NORTHERN VARISCAN FORELAND / MIDLAND VALLEY SCOTLAND,"FIFE OLD RED SANDSTONE LAVA, EAST OF GLENFARG",56.3,56.3,-3,-3,SUBAERIAL,,,s OC149 [9346],"ANDESITE, BASALTIC [9346]",,,,,,,,,VOLCANIC ROCK,,,,,WHOLE_ROCK [9346] ,257276.22400000002,9008.080199999999,,88914.168,,,,52234.56,56532.770000000004,31900.816,844.15922,,13738.9825,27077.780499999997,1448.9177200000001,,,,,,,,,,,,,,,,11500.,,,,,,,,,,,,,,,,,,,,,,,,,,,,22.2,,169,215,,,,111,32,69,,,,,,30.4,641,25.7,212,14.4,,,,,,,,,,,,,461,28,60,,28,,,,,,,,,,,,,,,,,,,,,10,,6,,,,,,,,,,,,,,,,,,,,,,,,,,255994,
[9346],RIFT VOLCANICS,NORTHERN VARISCAN FORELAND / MIDLAND VALLEY SCOTLAND,"FIFE OLD RED SANDSTONE LAVA, EAST OF GLENFARG",56.3,56.3,-3,-3,SUBAERIAL,,,s OC150 [9346],"ANDESITE, BASALTIC [9346]",,,,,,,,,VOLCANIC ROCK,,,,,WHOLE_ROCK [9346] ,254939.04900000003,9973.0176,,95847.3561,,,,58763.88,43525.229999999996,20262.143999999997,518.8868600000001,,19815.6805,30935.436899999997,2522.51338,,,,,,,,,,,,,,,,10100.,,,,,,,,,,,,,,,,,,,,,,,,,,,,15.2,,125,8,,,,14,32,72,,,,,,65.3,592,37.8,326,17.9,,,,,,,,,,,,,552,43,92,,46,,,,,,,,,,,,,,,,,,,,,12.6,,10,,,,,,,,,,,,,,,,,,,,,,,,,,255995,
[9346],RIFT VOLCANICS,NORTHERN VARISCAN FORELAND / MIDLAND VALLEY SCOTLAND,"FIFE OLD RED SANDSTONE LAVA, EAST OF GLENFARG",56.3,56.3,-3,-3,SUBAERIAL,,,s OC153 [9346],"ANDESITE, BASALTIC [9346]",,,,,,,,,VOLCANIC ROCK,,,,,WHOLE_ROCK [9346] ,265222.619,6592.74,,82351.4556,,,,50679.96,47241.670000000006,40102.159999999996,813.1809,,15009.112000000001,26929.409099999997,1204.52196,,,,,,,,,,,,,,,,8600.,,,,,,,,,,,,,,,,,,,,,,,,,,,,18.9,,125,334,,,,164,36,66,,,,,,42,573,20.7,188,11.7,,,,,,,,,,,,,584,27,61,,26,,,,,,,,,,,,,,,,,,,,,9.4,,8,,,,,,,,,,,,,,,,,,,,,,,,,,255996,
[9346],RIFT VOLCANICS,NORTHERN VARISCAN FORELAND / MIDLAND VALLEY SCOTLAND,"FIFE OLD RED SANDSTONE LAVA, AT THE MOUTH OF THE FIRTH OF TAY, NEAR DUNDEE",56.3,56.3,-3,-3,SUBAERIAL,,,s OC152 [9346],NOT GIVEN [9346],,,,,,,,,VOLCANIC ROCK,,,,,WHOLE_ROCK [9346] ,,,,,,,,,,,,,,,,,,,,,,,,,,,,,,,,,,,,,,,,,,,,,,,,,,,,,,,,,,,,,,,,,,,,,,,,,,,,,,,,,,,,,,,,,,,,,,,,,,,,,,,,,,,,,,,,,,,,4.9,,,0.94,,,,,,18.852,,15.557,,38.64,,,,,,,,,,,,,,,256077,
[8205],RIFT VOLCANICS,NORTHERN VARISCAN FORELAND / MIDLAND VALLEY SCOTLAND / SCOTTISH MIDLAND VALLEY,ELIE NESS,56.23,56.23,-2.7,-2.7,SUBAERIAL,,,s XR-2 [8205],BASANITE [8205],,,,,,,,,VOLCANIC ROCK,,,,,WHOLE_ROCK [8205] ,214225.46050000002,16661.652,,73989.2898,205.26,49447.58,37776.780000000006,,61821.55,48424.111999999994,1394.0244,,16603.,27448.709,4233.2837,,,,,,,,,,,,,,,,,,,,,,,,,,,,,,,,,,,,,,,,,,,,19.6,,234,142,,,65,317,,,,,,,,31,644,,278,,,,,,,,,,,,,,3900,41.2,86,,41,8.6,2.69,,1,,,,,2.1,0.29,5.7,3.3,,,,,,,,,,,4.9,,,,,,,,,,,,,,,,,,,,,,,,,,267336,