Citations,Tectonic Setting,Location,Location Comment,Latitude (Min),Latitude (Max),Longitude (Min),Longitude (Max),Land or Sea,Elevation (Min),Elevation (Max),Sample Name,Rock Name,"Age (a, Min)","Age (a, Max)",Geol,Age,Eruption Day,Eruption Month,Eruption Year,Rock Texture,Rock Type,Drill Depth (Min),Drill Depth (Max),Alteration,Mineral,Material,Si,Ti,B,Al,Cr,Fe3+,Fe2+,Fetot(2+),Ca,Mg,Mn,Ni,K,Na,P,H2O,H2OP,H2OM,H2Otot,CO2,CO,F,Cl,Cl2,OH,CH4,SO2,SO3,SO4,S,LOI,Volatiles,O,Others,HE(CCM/G),HE(CCMSTP/G),HE3(CCMSTP/G),HE3(AT/G),HE4(CCM/G),HE4(CCMSTP/G),HE4(AT/G),HE4(MOLE/G),HE4(NCC/G),HE(NCC/G),Li,Be,B,C,CO2,F,Na,Mg,Al,P,S,Cl,K,Ca,Sc,Ti,V,Cr,Mn,Fe,Co,Ni,Cu,Zn,Ga,Ge,As,Se,Br,Rb,Sr,Y,Zr,Nb,Mo,Ru,Rh,Pd,Ag,Cd,In,Sn,Sb,Te,I,Cs,Ba,La,Ce,Pr,Nd,Sm,Eu,Gd,Tb,Dy,Ho,Er,Tm,Yb,Lu,Hf,Ta,W,Re,Os,Ir,Pt,Au,Hg,Tl,Pb,Bi,Th,U,Nd143/Nd144,Nd143/Nd144 initial,e Nd,Sr87/Sr86,SR87_SR86_INI,PB206_PB204,PB206_PB204_INI,PB207_PB204,PB207_PB204_INI,PB208_PB204,PB208_PB204_INI,OS184_OS188,OS186_OS188,OS187_OS186,OS187_OS188,RE187_OS186,RE187_OS188,HF176_HF177,HE3_HE4,HE3_HE4(R/R(A)),HE4_HE3,HE4_HE3(R/R(A)),K40_AR40,AR40_K40,Unique Id,
[4819],OCEAN ISLAND,CAPE VERDE ISLANDS / SANTIAGO / ATLANTIC OCEAN,RIBEIRA DE BARCA COMPLEX,14.9,14.9,-24.3,-24.3,SUBAERIAL,,,s 82LI4A [4819],"CARBONATITE, MAGNESIO [4819]",,,,,,,,,PLUTONIC ROCK,,,,,WHOLE_ROCK [4819] ,14069.7935,1018.878,,1640.6781,,,,39953.219999999994,250145,75380.,3020.3862,,830.1500000000001,74.1857,27669.0914,,,,,,,,,,,,,,,,365000.,,,,,,,,,,,,,,,,,,,,,,,,,,,,,,44,0,,,60,14,,192,,,,,,4.43,1700,129,251,88,,,,,,,,,,,,0.07,275,698,1500,184,705,113,30.6,79,9.64,45.3,7.36,17.1,1.96,11.5,1.03,1.85,6.76,,,,,,,,,3.05,,11.38,10.19,0.512874,,,0.703285,,19.738,,15.592,,39.229,,,,,,,,,,,,,,,105533,
[4819],OCEAN ISLAND,CAPE VERDE ISLANDS / SANTIAGO / ATLANTIC OCEAN,RIBEIRA DE BARCA COMPLEX,14.9,14.9,-24.3,-24.3,SUBAERIAL,,,s 82LI4AB [4819],"CARBONATITE, MAGNESIO [4819]",,,,,,,,,PLUTONIC ROCK,,,,,WHOLE_ROCK [4819] ,,,,,,,,,,,,,,,,,,,,,,,,,,,,,,,,,,,,,,,,,,,,,,,,,,,,,,,,,,,,,,,,,,,,,,,,,,,,,,,,,,,,,,,,,,,,,,,,,,,,,,,,,,,,,,,,,,,,3.4,,3.5,7.48,,,,,,19.691,,15.592,,39.146,,,,,,,,,,,,,,,105534,
[4819],OCEAN ISLAND,CAPE VERDE ISLANDS / SANTIAGO / ATLANTIC OCEAN,RIBEIRA DE BARCA COMPLEX,14.9,14.9,-24.3,-24.3,SUBAERIAL,,,s 82LI13A [4819],"CARBONATITE, CALCITE [4819]",,,,,,,,,PLUTONIC ROCK,,,,,WHOLE_ROCK [4819] ,,,,,,,,,,,,,,,,,,,,,,,,,,,,,,,,,,,,,,,,,,,,,,,,,,,,,,,,,,,,,,,,,,,,,,,,,,,,,,,,,,,,,,,,,,,,,,,,,,,,,,,,,,,,,,,,,,,,3.59,,0.13,0.11,0.51289,,,0.703263,,19.646,,15.586,,39.184,,,,,,,,,,,,,,,105536,
[4819],OCEAN ISLAND,CAPE VERDE ISLANDS / SANTIAGO / ATLANTIC OCEAN,RIBEIRA DE BARCA COMPLEX,14.9,14.9,-24.3,-24.3,SUBAERIAL,,,s 82LI13B [4819],"CARBONATITE, CALCITE [4819]",,,,,,,,,PLUTONIC ROCK,,,,,WHOLE_ROCK [4819] ,,,,,,,,,,,,,,,,,,,,,,,,,,,,,,,,,,,,,,,,,,,,,,,,,,,,,,,,,,,,,,,,,,,,,,,,,,,,,,,,,,,,,,,,,,,,,,,,,,,,,,,,,,,,,,,,,,,,3.06,,0.08,0.14,,,,,,19.678,,15.592,,39.239,,,,,,,,,,,,,,,105537,
[4819],OCEAN ISLAND,CAPE VERDE ISLANDS / SANTIAGO / ATLANTIC OCEAN,"PENSAMENTO, DIKE",14.9,14.9,-24.3,-24.3,SUBAERIAL,,,s 80LI19A [4819],"CARBONATITE, MAGNESIO [4819]",,,,,,,,,PLUTONIC ROCK,,,,,WHOLE_ROCK [4819] ,22904.315000000002,659.274,,4022.3076,,,,35600.340000000004,215124.7,101310.72,1394.0244,,1660.3000000000002,2967.428,261.8526,,,,,,,,,,,,,,,,423000.,,,,,,,,,,,,,,,,,,,,,,,,,,,,,,97,3,,,,8,,30,,,,,,4.75,642,5.05,17.3,9.56,,,,,,,,,,,,0.08,344,14.1,22.6,2.42,8.56,1.55,0.49,1.36,0.18,0.9,0.15,0.37,0.05,0.27,0.04,0.29,0.26,,,,,,,,,1.53,,0.63,0.83,0.512844,,,0.703627,,19.324,,15.572,,39.125,,,,,,,,,,,,,,,105538,
[4819],OCEAN ISLAND,CAPE VERDE ISLANDS / SANTIAGO / ATLANTIC OCEAN,"PENSAMENTO, DIKE",14.9,14.9,-24.3,-24.3,SUBAERIAL,,,s 80LI19BA [4819],"CARBONATITE, MAGNESIO [4819]",,,,,,,,,PLUTONIC ROCK,,,,,WHOLE_ROCK [4819] ,,,,,,,,,,,,,,,,,,,,,,,,,,,,,,,,,,,,,,,,,,,,,,,,,,,,,,,,,,,,,,,,,,,,,,,,,,,,,,,,,,,,,,,,,,,,,,,,,,,,,,,,,,,,,,,,,,,,,,,,,,,0.703623,,,,,,,,,,,,,,,,,,,,,105540,
[4819],OCEAN ISLAND,CAPE VERDE ISLANDS / SANTIAGO / ATLANTIC OCEAN,"ARRUELA, NORTH OF TARRAFAL, INTRUSION",14.9,14.9,-24.3,-24.3,SUBAERIAL,,,s 80LI34A [4819],"CARBONATITE, MAGNESIO [4819]",,,,,,,,,PLUTONIC ROCK,,,,,WHOLE_ROCK [4819] ,,,,,,,,,,,,,,,,,,,,,,,,,,,,,,,,,,,,,,,,,,,,,,,,,,,,,,,,,,,,,,,,,,,,,,,,,,,,,,,,,,,,,,,,,,,,,,,,,,,,,,,,,,,,,,,,,,,,14.38,,167.7,0.62,0.512871,,,0.703381,,19.523,,15.569,,39.34,,,,,,,,,,,,,,,105542,
[4819],OCEAN ISLAND,CAPE VERDE ISLANDS / SANTIAGO / ATLANTIC OCEAN,"ARRUELA, NORTH OF TARRAFAL, INTRUSION",14.9,14.9,-24.3,-24.3,SUBAERIAL,,,s 80LI34B [4819],"CARBONATITE, MAGNESIO [4819]",,,,,,,,,PLUTONIC ROCK,,,,,WHOLE_ROCK [4819] ,,,,,,,,,,,,,,,,,,,,,,,,,,,,,,,,,,,,,,,,,,,,,,,,,,,,,,,,,,,,,,,,,,,,,,,,,,,,,,,,,,,,,,,,,,,,,,,,,,,,,,,,,,,,,,,,,,,,24.8,,8.22,0.07,0.512874,,,0.703384,,19.51,,15.561,,39.058,,,,,,,,,,,,,,,105543,
[4819],OCEAN ISLAND,CAPE VERDE ISLANDS / SANTIAGO / ATLANTIC OCEAN,"ARRUELA, NORTH OF TARRAFAL, INTRUSION",14.9,14.9,-24.3,-24.3,SUBAERIAL,,,s 80LI34C [4819],"CARBONATITE, MAGNESIO [4819]",,,,,,,,,PLUTONIC ROCK,,,,,WHOLE_ROCK [4819] ,,,,,,,,,,,,,,,,,,,,,,,,,,,,,,,,,,,,,,,,,,,,,,,,,,,,,,,,,,,,,,,,,,,,,,,,,,,,,,,,,,,,,,,,,,,,,,,,,,,,,,,,,,,,,,,,,,,,23.03,,133.7,0.85,0.512885,,,0.703373,,19.515,,15.562,,39.219,,,,,,,,,,,,,,,105544,
[4819],OCEAN ISLAND,CAPE VERDE ISLANDS / SANTIAGO / ATLANTIC OCEAN,"ARRUELA, NORTH OF TARRAFAL, INTRUSION",14.9,14.9,-24.3,-24.3,SUBAERIAL,,,s 80LI11A [4819],"CARBONATITE, MAGNESIO [4819]",,,,,,,,,PLUTONIC ROCK,,,,,WHOLE_ROCK [4819] ,,,,,,,,,,,,,,,,,,,,,,,,,,,,,,,,,,,,,,,,,,,,,,,,,,,,,,,,,,,,,,,,,,,,,,,,,,,,,,,,,,,,,,,,,,,,,,,,,,,,,,,,,,,,,,,,,,,,11.87,,19,2.46,,,,,,19.596,,15.582,,39.168,,,,,,,,,,,,,,,105545,
[4819],OCEAN ISLAND,CAPE VERDE ISLANDS / BRAVA / ATLANTIC OCEAN,RIBEIRO FUNDAO CACHACO,14.83,14.83,-24.68,-24.68,SUBAERIAL,,,s 85LB25A [4819],"CARBONATITE, CALCITE [4819]",,,,,,,,,PLUTONIC ROCK,,,,,WHOLE_ROCK [4819] ,,,,,,,,,,,,,,,,,,,,,,,,,,,,,,,,,,,,,,,,,,,,,,,,,,,,,,,,,,,,,,,,,,,,,,,,,,,,,,,,,,,,,,,,,,,,,,,,,,,,,,,,,,,,,,,,,,,,32.09,,21.84,2.29,0.512792,,,0.703631,,19.649,,15.587,,39.206,,,,,,,,,,,,,,,105546,
[4819],OCEAN ISLAND,CAPE VERDE ISLANDS / BRAVA / ATLANTIC OCEAN,RIBEIRO FUNDAO CACHACO,14.83,14.83,-24.68,-24.68,SUBAERIAL,,,s 85LB25B [4819],"CARBONATITE, CALCITE [4819]",,,,,,,,,PLUTONIC ROCK,,,,,WHOLE_ROCK [4819] ,,,,,,,,,,,,,,,,,,,,,,,,,,,,,,,,,,,,,,,,,,,,,,,,,,,,,,,,,,,,,,,,,,,,,,,,,,,,,,,,,,,,,,,,,,,,,,,,,,,,,,,,,,,,,,,,,,,,41.39,,26.09,2.81,0.512788,,,0.703622,,19.65,,15.588,,39.209,,,,,,,,,,,,,,,105547,
[4819],OCEAN ISLAND,CAPE VERDE ISLANDS / BRAVA / ATLANTIC OCEAN,,14.83,14.83,-24.68,-24.68,SUBAERIAL,,,s 82LB35A [4819],"CARBONATITE, CALCITE [4819]",,,,,,,,,PLUTONIC ROCK,,,,,WHOLE_ROCK [4819] ,,,,,,,,,,,,,,,,,,,,,,,,,,,,,,,,,,,,,,,,,,,,,,,,,,,,,,,,,,,,,,,,,,,,,,,,,,,,,,,,,,,,,,,,,,,,,,,,,,,,,,,,,,,,,,,,,,,,3.42,,5.46,0.3,0.512904,,,0.70335,,19.898,,15.623,,39.186,,,,,,,,,,,,,,,105548,
[4819],OCEAN ISLAND,CAPE VERDE ISLANDS / BRAVA / ATLANTIC OCEAN,,14.83,14.83,-24.68,-24.68,SUBAERIAL,,,s 82LB35B [4819],"CARBONATITE, CALCITE [4819]",,,,,,,,,PLUTONIC ROCK,,,,,WHOLE_ROCK [4819] ,,,,,,,,,,,,,,,,,,,,,,,,,,,,,,,,,,,,,,,,,,,,,,,,,,,,,,,,,,,,,,,,,,,,,,,,,,,,,,,,,,,,,,,,,,,,,,,,,,,,,,,,,,,,,,,,,,,,,,,,0.512918,,,,,,,,,,,,,,,,,,,,,,,,105549,
[4819],OCEAN ISLAND,CAPE VERDE ISLANDS / MAIO / ATLANTIC OCEAN,2.9 M THICK DIKE-LIKE BODY,15.15,15.15,-23.2,-23.2,SUBAERIAL,,,s 82LM66A [4819],"CARBONATITE, MAGNESIO [4819]",,,,,,,,,PLUTONIC ROCK,,,,,WHOLE_ROCK [4819] ,35244.599,59.934,,635.1012,,,,17877.899999999998,276588.9,57590.32,6350.5556,,83.015,445.1142,3884.1469,,,,,,,,,,,,,,,,388000.,,,,,,,,,,,,,,,,,,,,,,,,,,,,,,30,2,,,,133,,271,,,,,,0.56,961,170,46.7,452,,,,,,,,,,,,0.05,4150,948,1860,228,859,141,39.6,97.3,11.8,51.3,7.7,16.4,1.74,9.64,1.19,0.34,1.15,,,,,,,,,19.44,,13.12,1.32,0.512833,,,0.703317,,19.323,,15.558,,39.044,,,,,,,,,,,,,,,105550,
[4819],OCEAN ISLAND,CAPE VERDE ISLANDS / MAIO / ATLANTIC OCEAN,2.9 M THICK DIKE-LIKE BODY,15.15,15.15,-23.2,-23.2,SUBAERIAL,,,s 82LM69B [4819],"CARBONATITE, MAGNESIO [4819]",,,,,,,,,PLUTONIC ROCK,,,,,WHOLE_ROCK [4819] ,71984.99,539.406,,476.3259,,,,47803.950000000004,201545.4,66937.43999999999,4569.3022,,83.015,296.7428,14663.7456,,,,,,,,,,,,,,,,334000.,,,,,,,,,,,,,,,,,,,,,,,,,,,,,,87,66,,,19,170,,299,,,,,,0.53,1830,192,302,966,,,,,,,,,,,,0.04,3810,911,1840,224,846,141,39.7,100,13.1,65.7,11.1,26.2,3.04,16.6,1.93,2.26,48,,,,,,,,,14.19,,94.74,1.92,0.512823,,,0.70335,,19.467,,15.569,,39.176,,,,,,,,,,,,,,,105552,
[4819],OCEAN ISLAND,CAPE VERDE ISLANDS / MAIO / ATLANTIC OCEAN,2.9 M THICK DIKE-LIKE BODY,15.15,15.15,-23.2,-23.2,SUBAERIAL,,,s 82LM70C [4819],"CARBONATITE, MAGNESIO [4819]",,,,,,,,,PLUTONIC ROCK,,,,,WHOLE_ROCK [4819] ,112651.83500000002,0.,,740.9514000000001,,,,17566.98,217983.5,38654.864,5111.4228,,83.015,0.,5237.052,,,,,,,,,,,,,,,,316000.,,,,,,,,,,,,,,,,,,,,,,,,,,,,,,50,10,,,,103,,166,,,,,,0.47,1219,187,67.2,641,,,,,,,,,,,,0.06,4490,1000,2020,248,937,146,39.3,92.7,10.7,46.1,6.93,15.2,1.67,9.01,1.08,0.53,4.98,,,,,,,,,9.05,,15.84,1.39,0.512824,,,0.703365,,19.476,,15.573,,39.143,,,,,,,,,,,,,,,105553,
[4819],OCEAN ISLAND,CAPE VERDE ISLANDS / MAIO / ATLANTIC OCEAN,3 M THICK DIKE,15.15,15.15,-23.2,-23.2,SUBAERIAL,,,s 80LM5A [4819],"CARBONATITE, MAGNESIO [4819]",,,,,,,,,PLUTONIC ROCK,,,,,WHOLE_ROCK [4819] ,,,,,,,,,,,,,,,,,,,,,,,,,,,,,,,,,,,,,,,,,,,,,,,,,,,,,,,,,,,,,,,,,,,,,,,,,,,,,,,,,,,,,,,,,,,,,,,,,,,,,,,,,,,,,,,,,,,,25.9,,80.74,17.65,0.512851,,,0.703215,,19.489,,15.575,,39.206,,,,,,,,,,,,,,,105554,
[4819],OCEAN ISLAND,CAPE VERDE ISLANDS / MAIO / ATLANTIC OCEAN,3 M THICK DIKE,15.15,15.15,-23.2,-23.2,SUBAERIAL,,,s 80LM5B [4819],"CARBONATITE, MAGNESIO [4819]",,,,,,,,,PLUTONIC ROCK,,,,,WHOLE_ROCK [4819] ,,,,,,,,,,,,,,,,,,,,,,,,,,,,,,,,,,,,,,,,,,,,,,,,,,,,,,,,,,,,,,,,,,,,,,,,,,,,,,,,,,,,,,,,,,,,,,,,,,,,,,,,,,,,,,,,,,,,25.9,,80.74,17.65,0.512837,,,0.703216,,19.499,,15.589,,39.249,,,,,,,,,,,,,,,105555,
[4819],OCEAN ISLAND,CAPE VERDE ISLANDS / FOGO / ATLANTIC OCEAN,,14.9,14.9,-24.35,-24.35,SUBAERIAL,,,s 83NF55 [4819],"CARBONATITE, CALCITE [4819]",,,,,,,,,PLUTONIC ROCK,,,,,WHOLE_ROCK [4819] ,1495.7920000000001,239.736,,6033.4614,,,,5130.18,384508.6,1869.424,2168.4824000000003,,332.06,74.1857,1265.6209,,,,,,,,,,,,,,,,422000.,,,,,,,,,,,,,,,,,,,,,,,,,,,,,,52,18,,,,11,,27,,,,,,,,,,,,,,,,,,,,,,,,,,,,,,,,,,,,,,,,,,,,,,,,6.86,,2.5,0.54,,,,,,19.891,,15.608,,39.213,,,,,,,,,,,,,,,105556,
[4819],OCEAN ISLAND,CAPE VERDE ISLANDS / FOGO / ATLANTIC OCEAN,,14.9,14.9,-24.35,-24.35,SUBAERIAL,,,s 83HF107 [4819],"CARBONATITE, CALCITE [4819]",,,,,,,,,PLUTONIC ROCK,,,,,WHOLE_ROCK [4819] ,8741.034500000002,59.934,,1058.5020000000002,,,,5285.64,377361.6,542.736,3020.3862,,1328.24,445.1142,2313.0313,,,,,,,,,,,,,,,,414000.,,,,,,,,,,,,,,,,,,,,,,,,,,,,,,52,9,,,,5,,15,,,,,,0,8050,61.6,3.98,14.1,,,,,,,,,,,,0.05,1260,208,310,29.7,88.4,11,3.15,9.52,1.49,9.36,1.97,5.78,0.87,5.97,0.85,0.05,0.07,,,,,,,,,8.1,,13.8,3.75,0.512933,,,0.703101,,19.873,,15.602,,39.191,,,,,,,,,,,,,,,105557,
[4819],OCEAN ISLAND,CAPE VERDE ISLANDS / FOGO / ATLANTIC OCEAN,,14.9,14.9,-24.35,-24.35,SUBAERIAL,,,s 83HF115A [4819],"CARBONATITE, CALCITE [4819]",,,,,,,,,PLUTONIC ROCK,,,,,WHOLE_ROCK [4819] ,,,,,,,,,,,,,,,,,,,,,,,,,,,,,,,,,,,,,,,,,,,,,,,,,,,,,,,,,,,,,,,,,,,,,,,,,,,,,,,,,,,,,,,,,,,,,,,,,,,,,,,,,,,,,,,,,,,,9.74,,1.84,0.45,0.512926,,,0.703109,,19.84,,15.616,,39.226,,,,,,,,,,,,,,,105558,
[4819],OCEAN ISLAND,CAPE VERDE ISLANDS / FOGO / ATLANTIC OCEAN,,14.9,14.9,-24.35,-24.35,SUBAERIAL,,,s 83HF115B [4819],"CARBONATITE, CALCITE [4819]",,,,,,,,,PLUTONIC ROCK,,,,,WHOLE_ROCK [4819] ,,,,,,,,,,,,,,,,,,,,,,,,,,,,,,,,,,,,,,,,,,,,,,,,,,,,,,,,,,,,,,,,,,,,,,,,,,,,,,,,,,,,,,,,,,,,,,,,,,,,,,,,,,,,,,,,,,,,10.5,,5.08,0.57,,,,,,19.85,,15.607,,39.207,,,,,,,,,,,,,,,105559,
[4819],OCEAN ISLAND,CAPE VERDE ISLANDS / FOGO / ATLANTIC OCEAN,,14.9,14.9,-24.35,-24.35,SUBAERIAL,,,s 82LF6 [4819],"CARBONATITE, CALCITE [4819]",,,,,,,,,PLUTONIC ROCK,,,,,WHOLE_ROCK [4819] ,5141.785000000001,419.538,,,,,,,385223.3,1809.12,774.4580000000001,,830.1500000000001,,4320.5679,,,,,,,,,,,,,,,,409000.,,,,,,,,,,,,,,,,,,,,,,,,,,,,,,4,17,,,22,25,,23,,,,,,,,,,,,,,,,,,,,,,,,,,,,,,,,,,,,,,,,,,,,,,,,,,,,0.512929,,,0.703104,,19.911,,15.626,,39.261,,,,,,,,,,,,,,,105560,
[4819],OCEAN ISLAND,CAPE VERDE ISLANDS / SAO VICENTE / ATLANTIC OCEAN,3 M THICK DIKE,16.85,16.85,-25,-25,SUBAERIAL,,,s 82LV43 [4819],"CARBONATITE, CALCITE [4819]",,,,,,,,,PLUTONIC ROCK,,,,,WHOLE_ROCK [4819] ,8460.5735,0.,,1005.5769,,,,4663.8,354491.2,13266.880000000001,2013.5908,,1162.21,1261.1569,829.1999000000001,,,,,,,,,,,,,,,,426000.,,,,,,,,,,,,,,,,,,,,,,,,,,,,,,147,3,,,,7,,64,,,,,,2.72,5290,63.4,7.93,6.85,,,,,,,,,,,,0.11,2060,304,478,57.4,203,30.6,8.27,21.6,2.53,11.6,2.04,5.32,0.72,4.92,0.69,0.09,0.01,,,,,,,,,30.8,,12,0.67,0.512904,,,0.703129,,20.218,,15.638,,39.661,,,,,,,,,,,,,,,105561,
[4819],OCEAN ISLAND,CAPE VERDE ISLANDS / SAO VICENTE / ATLANTIC OCEAN,CAMILLE  DIKE,16.85,16.85,-25,-25,SUBAERIAL,,,s 83HV26A [4819],"CARBONATITE, CALCITE [4819]",,,,,,,,,PLUTONIC ROCK,,,,,WHOLE_ROCK [4819] ,,,,,,,,,,,,,,,,,,,,,,,,,,,,,,,,,,,,,,,,,,,,,,,,,,,,,,,,,,,,,,,,,,,,,,,,,,,,,,,,,,,,,,,,,,,,,,,,,,,,,,,,,,,,,,,,,,,,25.75,,9.69,0.53,0.512891,,,0.703114,,20.235,,15.655,,39.718,,,,,,,,,,,,,,,105562,
[4819],OCEAN ISLAND,CAPE VERDE ISLANDS / SAO VICENTE / ATLANTIC OCEAN,CAMILLE  DIKE,16.85,16.85,-25,-25,SUBAERIAL,,,s 83HV26B [4819],"CARBONATITE, CALCITE [4819]",,,,,,,,,PLUTONIC ROCK,,,,,WHOLE_ROCK [4819] ,,,,,,,,,,,,,,,,,,,,,,,,,,,,,,,,,,,,,,,,,,,,,,,,,,,,,,,,,,,,,,,,,,,,,,,,,,,,,,,,,,,,,,,,,,,,,,,,,,,,,,,,,,,,,,,,,,,,43.3,,12.38,1.18,,,,,,20.238,,15.655,,39.713,,,,,,,,,,,,,,,105563,
[4819],OCEAN ISLAND,CAPE VERDE ISLANDS / SAO VICENTE / ATLANTIC OCEAN,CAMILLE  DIKE,16.85,16.85,-25,-25,SUBAERIAL,,,s 82LV50 [4819],"CARBONATITE, CALCITE [4819]",,,,,,,,,PLUTONIC ROCK,,,,,WHOLE_ROCK [4819] ,2851.3535,2457.294,,1164.3522,,,,36455.37,322329.7,33770.24,6660.3387999999995,,83.015,148.3714,349.1368,,,,,,,,,,,,,,,,412000.,,,,,,,,,,,,,,,,,,,,,,,,,,,,,,334,3,,,14,36,,66,,,,,,0.73,1930,98.2,14.4,242,,,,,,,,,,,,0.07,5130,857,1707,199,723,106,28.1,66.1,7.23,29.1,4.48,10.7,1.33,9.03,1.21,0.26,0.68,,,,,,,,,18.42,,16.1,0.9,0.512906,,,0.703173,,20.341,,15.652,,39.713,,,,,,,,,,,,,,,105564,
[4819],OCEAN ISLAND,CAPE VERDE ISLANDS / SAO VICENTE / ATLANTIC OCEAN,CAMILLE  DIKE,16.85,16.85,-25,-25,SUBAERIAL,,,s 82LV50 [4819],"CARBONATITE, CALCITE [4819]",,,,,,,,,PLUTONIC ROCK,,,,,WHOLE_ROCK [4819] ,,,,,,,,,,,,,,,,,,,,,,,,,,,,,,,,,,,,,,,,,,,,,,,,,,,,,,,,,,,,,,,,,,,,,,,,,,,,,,,,,,,,,,,,,,,,,,,,,,,,,,,,,,,,,,,,,,,,,,,,0.512891,,,,,,,,,,,,,,,,,,,,,,,,105565,
[4819],OCEAN ISLAND,CAPE VERDE ISLANDS / SAO VICENTE / ATLANTIC OCEAN,CAMILLE  DIKE,16.85,16.85,-25,-25,SUBAERIAL,,,s 83HV194 [4819],"CARBONATITE, CALCITE [4819]",,,,,,,,,PLUTONIC ROCK,,,,,WHOLE_ROCK [4819] ,6263.629000000001,1378.482,,423.4008,,,,22774.890000000003,346629.5,18995.76,4259.519,,83.015,74.1857,4189.6416,,,,,,,,,,,,,,,,419000.,,,,,,,,,,,,,,,,,,,,,,,,,,,,,,253,3,,,,8,,152,,,,,,1.53,1650,83.7,52.8,356,,,,,,,,,,,,0.77,6880,433,794,85.9,310,46.8,12.3,30.7,3.75,18.4,3.32,8.25,1.11,8.03,1.1,0.6,1,,,,,,,,,29.8,,35.6,35.49,0.512898,,,0.703162,,20.408,,15.66,,39.739,,,,,,,,,,,,,,,105566,
[4819],OCEAN ISLAND,CAPE VERDE ISLANDS / SAO VICENTE / ATLANTIC OCEAN,CAMILLE  DIKE,16.85,16.85,-25,-25,SUBAERIAL,,,s 82LV51A [4819],"CARBONATITE, CALCITE [4819]",,,,,,,,,PLUTONIC ROCK,,,,,WHOLE_ROCK [4819] ,607.6655000000001,239.736,,1005.5769,,,,11737.23,373788.1,11940.192,3330.1693999999998,,166.03,445.1142,2705.8102,,,,,,,,,,,,,,,,426000.,,,,,,,,,,,,,,,,,,,,,,,,,,,,,,87,5,,,11,28,,42,,,,,,,,,,,,,,,,,,,,,,,,,,,,,,,,,,,,,,,,,,,,,,,,,,,,,,,,,,,,,,,,,,,,,,,,,,,,105567,
[4819],OCEAN ISLAND,CAPE VERDE ISLANDS / SANTIAGO / ATLANTIC OCEAN,RIBEIRA DE BARCA COMPLEX,14.9,14.9,-24.3,-24.3,SUBAERIAL,,,s K172 [4819],"CARBONATITE, MAGNESIO [4819]",,,,,,,,,PLUTONIC ROCK,,,,,WHOLE_ROCK [4819] ,4908.067500000001,359.604,,1005.5769,,,,7462.08,366641.1,7055.567999999999,2323.374,,747.135,,1745.6840000000002,,,,,,,,,,,,,,,,429000.,,,,,,,,,,,,,,,,,,,,,,,,,,,,,,42,33,,,15,40,,55,,,,,,,,,,,,,,,,,,,,,,,,,,,,,,,,,,,,,,,,,,,,,,,,,,,,,,,,,,,,,,,,,,,,,,,,,,,,105574,
[4819],OCEAN ISLAND,CAPE VERDE ISLANDS / SANTIAGO / ATLANTIC OCEAN,RIBEIRA DE BARCA COMPLEX,14.9,14.9,-24.3,-24.3,SUBAERIAL,,,s 82LI13 [4819],"CARBONATITE, CALCITE [4819]",,,,,,,,,PLUTONIC ROCK,,,,,WHOLE_ROCK [4819] ,327.20450000000005,59.934,,1005.5769,,,,3886.5,384508.6,2713.68,2013.5908,,83.015,74.1857,2313.0313,,,,,,,,,,,,,,,,441000.,,,,,,,,,,,,,,,,,,,,,,,,,,,,,,0,0,,,19,25,,0,,,,,,0.24,98.6,98,3.32,14.5,,,,,,,,,,,,0.01,438,305,526,64.4,225,35.4,9.94,27.5,3.57,18.3,3.37,8.66,1.16,7.29,0.99,0.06,0.38,,,,,,,,,3.24,,1.12,2.99,,,,,,,,,,,,,,,,,,,,,,,,,105575,
[4819],OCEAN ISLAND,CAPE VERDE ISLANDS / SANTIAGO / ATLANTIC OCEAN,"ARRUELA, NORTH OF TARRAFAL, INTRUSION",14.9,14.9,-24.3,-24.3,SUBAERIAL,,,s 80LI1A [4819],"CARBONATITE, MAGNESIO [4819]",,,,,,,,,PLUTONIC ROCK,,,,,WHOLE_ROCK [4819] ,12620.745000000003,599.34,,529.2510000000001,,,,34978.5,236565.7,117592.79999999999,11616.869999999999,,83.015,2225.571,3491.3680000000004,,,,,,,,,,,,,,,,369000.,,,,,,,,,,,,,,,,,,,,,,,,,,,,,,360,1,,,3,16,,256,,,,,,,,,,,,,,,,,,,,,,,,,,,,,,,,,,,,,,,,,,,,,,,,,,,,,,,,,,,,,,,,,,,,,,,,,,,,105578,
[4819],OCEAN ISLAND,CAPE VERDE ISLANDS / BRAVA / ATLANTIC OCEAN,RIBEIRO FUNDAO CACHACO,14.83,14.83,-24.68,-24.68,SUBAERIAL,,,s 85LB25 [4819],"CARBONATITE, CALCITE [4819]",,,,,,,,,PLUTONIC ROCK,,,,,WHOLE_ROCK [4819] ,9348.7,958.944,,1587.753,,,,39875.49,356635.3,3618.24,7512.2426,,83.015,2967.428,4407.8521,,,,,,,,,,,,,,,,376000.,,,,,,,,,,,,,,,,,,,,,,,,,,,,,,225,0,,,,5,,371,,,,,,2.28,6960,147,15.3,39.5,,,,,,,,,,,,0.57,8160,705,1230,126,428,63.3,17.4,47.5,6.51,34.5,6.42,16.7,2.12,13.1,1.43,0.22,0.18,,,,,,,,,35.8,,22.8,2.64,,,,,,,,,,,,,,,,,,,,,,,,,105579,
[4819],OCEAN ISLAND,CAPE VERDE ISLANDS / BRAVA / ATLANTIC OCEAN,,14.83,14.83,-24.68,-24.68,SUBAERIAL,,,s 82LB35 [4819],"CARBONATITE, CALCITE [4819]",,,,,,,,,PLUTONIC ROCK,,,,,WHOLE_ROCK [4819] ,,59.934,,264.62550000000005,,,,6296.13,373073.4,0.,929.3496,,83.015,964.4141,436.42100000000005,,,,,,,,,,,,,,,,464000.,,,,,,,,,,,,,,,,,,,,,,,,,,,,,,1,2,,,1,7,,6,,,,,,0.27,8980,64.2,1.26,0.52,,,,,,,,,,,,0.05,633,200,317,32,104,15.4,4.29,13,1.81,10.3,2.07,5.79,0.81,4.95,0.64,0.03,0.01,,,,,,,,,3.44,,0.54,0.06,,,,,,,,,,,,,,,,,,,,,,,,,105580,
[4819],OCEAN ISLAND,CAPE VERDE ISLANDS / MAIO / ATLANTIC OCEAN,3 M THICK DIKE,15.15,15.15,-23.2,-23.2,SUBAERIAL,,,s 80LM5 [4819],"CARBONATITE, MAGNESIO [4819]",,,,,,,,,PLUTONIC ROCK,,,,,WHOLE_ROCK [4819] ,54222.46,659.274,,423.4008,,,,62650.380000000005,245856.8,63319.2,9061.158599999999,,166.03,593.4856,10343.1777,,,,,,,,,,,,,,,,309000.,,,,,,,,,,,,,,,,,,,,,,,,,,,,,,70,262,,,14,122,,272,,,,,,0.74,1860,142,263,562,,,,,,,,,,,,0.04,1180,542,1160,137,525,82.3,22.2,53.1,6.36,29.9,4.93,12,1.36,7.48,0.85,1.88,18.1,,,,,,,,,25.9,,80.7,17.7,,,,,,,,,,,,,,,,,,,,,,,,,105581,
[4819],OCEAN ISLAND,CAPE VERDE ISLANDS / FOGO / ATLANTIC OCEAN,,14.9,14.9,-24.35,-24.35,SUBAERIAL,,,s 83HF107ALT [4819],"CARBONATITE, CALCITE [4819]",,,,,,,,,PLUTONIC ROCK,,,SLIGHTLY ALTERED,,WHOLE_ROCK [4819] ,,,,,,,,,,,,,,,,,,,,,,,,,,,,,,,,,,,,,,,,,,,,,,,,,,,,,,,,,,,,,,,,,,,,,,,,,,3.91,6210,74.7,6.07,14.3,,,,,,,,,,,,0.08,26900,267,397,39.7,118,14.7,4.19,12.8,1.91,11.6,2.43,6.78,0.97,6.37,0.86,0.09,0.01,,,,,,,,,23.3,,20.3,6.37,,,,,,,,,,,,,,,,,,,,,,,,,105582,
[4819],OCEAN ISLAND,CAPE VERDE ISLANDS / FOGO / ATLANTIC OCEAN,,14.9,14.9,-24.35,-24.35,SUBAERIAL,,,s 83HF115 [4819],"CARBONATITE, CALCITE [4819]",,,,,,,,,PLUTONIC ROCK,,,,,WHOLE_ROCK [4819] ,3832.967,59.934,,899.7267,,,,2254.1699999999996,376646.9,301.52,1703.8076,,913.165,816.0427,567.3473,,,,,,,,,,,,,,,,427000.,,,,,,,,,,,,,,,,,,,,,,,,,,,,,,13,2,,,,4,,6,,,,,,6.01,10600,41.6,1.89,4.21,,,,,,,,,,,,0.07,1960,222,318,29.7,86.9,11.4,3.13,9.3,1.27,6.81,1.3,3.59,0.5,3.31,0.45,0.03,0.01,,,,,,,,,10.5,,5.08,0.57,,,,,,,,,,,,,,,,,,,,,,,,,105583,
[4819],OCEAN ISLAND,CAPE VERDE ISLANDS / SAO VICENTE / ATLANTIC OCEAN,CAMILLE  DIKE,16.85,16.85,-25,-25,SUBAERIAL,,,s 83HV26 [4819],"CARBONATITE, CALCITE [4819]",,,,,,,,,PLUTONIC ROCK,,,,,WHOLE_ROCK [4819] ,15331.868,59.934,,1958.2287000000001,,,,4041.96,347344.2,21468.224,2633.1572,,1660.3000000000002,964.4141,3491.3680000000004,,,,,,,,,,,,,,,,414000.,,,,,,,,,,,,,,,,,,,,,,,,,,,,,,236,2,,,,5,,68,,,,,,4.07,4560,121,19.2,11.4,,,,,,,,,,,,0.32,2930,302,476,59.1,215,37.9,11.2,31.5,4.26,22.1,4.03,10.1,1.33,8.27,1.08,0.2,0.04,,,,,,,,,28.6,,28.6,1.22,,,,,,,,,,,,,,,,,,,,,,,,,105584,
[4819],OCEAN ISLAND,CAPE VERDE ISLANDS / SAO VICENTE / ATLANTIC OCEAN,CAMILLE  DIKE,16.85,16.85,-25,-25,SUBAERIAL,,,s HV51 [4819],"CARBONATITE, CALCITE [4819]",,,,,,,,,PLUTONIC ROCK,,,,,WHOLE_ROCK [4819] ,7619.1905,5573.862,,2540.4048,,,,241273.91999999998,285.88,126035.35999999999,34618.2726,,34617.255,370.9285,1702.0419000000002,,,,,,,,,,,,,,,,266000.,,,,,,,,,,,,,,,,,,,,,,,,,,,,,,957,5,,,,47,,,,,,,,,,,,,,,,,,,,,,,,,,,,,,,,,,,,,,,,,,,,,,,,,,,,,,,,,,,,,,,,,,,,,,,,,,,,,,105585,
[5653],OCEAN ISLAND,CAPE VERDE ISLANDS / SAO VICENTE / OLD VOLCANICS / ATLANTIC OCEAN,,14.9,14.9,-24.3,-24.3,SUBAERIAL,,,s 115-051 [5653],BASANITE [5653],,,,,,,,FINE-GRAINED TO APHANITIC GROUNDMASS [5653] ,VOLCANIC ROCK,,,SLIGHTLY ALTERED,,WHOLE_ROCK [5653] ,197164.083,27929.244,,73142.4882,,35879.22,63116.759999999995,,88265.45,39438.816,1548.9160000000002,,9380.695,21291.2959,2705.8102,,,,,,,,,,,,,,,,23400.,,,,,,,,,,,,,,,,,,,,,,,,,,4.6,,26.5,,436.1,34.7,,,,79.1,120.2,171.1,24,,,,,28.8,961,33,311.3,66.3,,,,,,,,,,,,0.4,1009.4,53,105.7,13,52.8,10.6,3.6,10.8,1.5,7.7,1.2,3.3,0.4,2.3,0.3,7.9,5,,,,,,,,,3,,5,1.1,,,,,,19.825,,15.573,,39.468,,,,,,,,,,,,,,,126380,
[5653],OCEAN ISLAND,CAPE VERDE ISLANDS / SAO VICENTE / OLD VOLCANICS / ATLANTIC OCEAN,,14.9,14.9,-24.3,-24.3,SUBAERIAL,,,s 115-073 [5653],BASANITE [5653],,,,,,,,FINE-GRAINED TO APHANITIC GROUNDMASS [5653] ,VOLCANIC ROCK,,,SLIGHTLY ALTERED,,WHOLE_ROCK [5653] ,208990.18850000002,20377.559999999998,,69384.8061,,32172.399999999998,56665.17,,84977.83,53791.168,1394.0244,,9878.785,19139.9106,2225.7471,,,,,,,,,,,,,,,,11000.,,,,,,,,,,,,,,,,,,,,,,,,,,5,,28.1,,344.4,426.5,,,,191.7,83.5,579.5,19.9,,,,,27.6,714.8,26.2,250.6,49.2,,,,,,,,,,,,0.3,457,44.2,89.9,10.4,42.6,8.5,2.4,8.3,1.1,5.8,1,2.6,0.3,2,0.3,5.9,3.4,,,,,,,,,4,,5.5,1.1,,,,,,19.733,,15.582,,39.421,,,,,,,,,,,,,,,126381,
[5653],OCEAN ISLAND,CAPE VERDE ISLANDS / SAO VICENTE / OLD VOLCANICS / ATLANTIC OCEAN,,14.9,14.9,-24.3,-24.3,SUBAERIAL,,,s 115-074 [5653],"BASALT, PICRITIC [5653]",,,,,,,,FINE-GRAINED TO APHANITIC GROUNDMASS [5653] ,VOLCANIC ROCK,,,SLIGHTLY ALTERED,,WHOLE_ROCK [5653] ,205250.7085,13844.753999999999,,50755.170900000005,,26996.84,63039.03,,82333.44,98476.43199999999,1471.4702,,6724.215,11424.5978,1396.5472,,,,,,,,,,,,,,,,11000.,,,,,,,,,,,,,,,,,,,,,,,,,,5.1,,30.9,,301.9,991.4,,,,523.3,73.2,122.1,16.1,,,,,19.6,494.5,19.1,140.9,31.5,,,,,,,,,,,,0.2,320.5,23.9,48.9,6.2,25.8,5.6,1.9,5.6,0.8,4.3,0.7,2,0.2,1.3,0.2,3.7,2.5,,,,,,,,,1.6,,2.5,0.5,0.51293,,,0.70322,,19.474,,15.563,,39.098,,,,,,,,,,,,,,,126382,
[5653],OCEAN ISLAND,CAPE VERDE ISLANDS / SAO VICENTE / OLD VOLCANICS / ATLANTIC OCEAN,,14.9,14.9,-24.3,-24.3,SUBAERIAL,,,s 115-077 [5653],"BASALT, PICRITIC [5653]",,,,,,,,FINE-GRAINED TO APHANITIC GROUNDMASS [5653] ,VOLCANIC ROCK,,,SLIGHTLY ALTERED,,WHOLE_ROCK [5653] ,192910.42450000002,18939.144,,51549.0474,,26507.260000000002,68713.31999999999,,79974.93,96908.52799999999,1394.0244,,4233.765,14095.283,1876.6103,,,,,,,,,,,,,,,,22400.000000000004,,,,,,,,,,,,,,,,,,,,,,,,,,4.5,,29.6,,296.9,834.4,,,,444.2,75.9,141.3,17.6,,,,,9,590.6,22.7,210.6,44.9,,,,,,,,,,,,0.4,320.7,37.4,75.3,9.3,37,8.1,2.5,7.6,1,5.1,0.9,2.2,0.3,1.6,0.2,5,3.5,,,,,,,,,2.1,,3.8,0.9,0.51285,,,0.70319,,19.78,,15.589,,39.459,,,,,,,,,,,,,,,126383,
[5653],OCEAN ISLAND,CAPE VERDE ISLANDS / SAO VICENTE / OLD VOLCANICS / ATLANTIC OCEAN,,14.9,14.9,-24.3,-24.3,SUBAERIAL,,,s 115-079 [5653],BASANITE [5653],,,,,,,,FINE-GRAINED TO APHANITIC GROUNDMASS [5653] ,VOLCANIC ROCK,,,SLIGHTLY ALTERED,,WHOLE_ROCK [5653] ,207307.42250000002,25891.488,,81451.7289,,32102.46,60473.94,,78902.87999999999,33830.544,1394.0244,,11622.099999999999,20697.8103,3098.5890999999997,,,,,,,,,,,,,,,,18300.,,,,,,,,,,,,,,,,,,,,,,,,,,4.2,,16.3,,348.1,17,,,,55.9,91.8,162.4,24.3,,,,,27.5,916.8,34,315.8,73.6,,,,,,,,,,,,0.5,532.8,58.4,116.6,14.1,55.7,11.1,3.6,11.1,1.5,7.8,1.3,3.6,0.4,2.5,0.3,7.3,5.6,,,,,,,,,2.9,,6,1.4,0.51286,,,0.70318,,19.746,,15.585,,39.456,,,,,,,,,,,,,,,126384,
[5653],OCEAN ISLAND,CAPE VERDE ISLANDS / SAO VICENTE / OLD VOLCANICS / ATLANTIC OCEAN,,14.9,14.9,-24.3,-24.3,SUBAERIAL,,,s 115-080 [5653],BASANITE [5653],,,,,,,,FINE-GRAINED TO APHANITIC GROUNDMASS [5653] ,VOLCANIC ROCK,,,SLIGHTLY ALTERED,,WHOLE_ROCK [5653] ,205344.1955,26370.96,,79281.79980000001,,29164.98,62417.189999999995,,84120.19,36906.047999999995,1394.0244,,12037.175,19065.724899999997,2880.3786,,,,,,,,,,,,,,,,15400.,,,,,,,,,,,,,,,,,,,,,,,,,,4.1,,21.3,,382.5,45,,,,78.6,101.4,162,24.5,,,,,30.7,885.7,32.5,318.5,65.5,,,,,,,,,,,,0.3,490.1,51.7,105.3,13.3,52.8,10.8,3.5,10.7,1.5,7.5,1.2,3.3,0.4,2.3,0.3,7.5,5,,,,,,,,,2.6,,5.1,1.2,0.51287,,,0.70318,,19.731,,15.581,,39.416,,,,,,,,,,,,,,,126385,
[5653],OCEAN ISLAND,CAPE VERDE ISLANDS / SAO VICENTE / OLD VOLCANICS / ATLANTIC OCEAN,,14.9,14.9,-24.3,-24.3,SUBAERIAL,,,s 115-089 [5653],BASANITE [5653],,,,,,,,FINE-GRAINED TO APHANITIC GROUNDMASS [5653] ,VOLCANIC ROCK,,,SLIGHTLY ALTERED,,WHOLE_ROCK [5653] ,211841.54200000002,22954.721999999998,,78382.07310000001,,40844.96,45938.43,,82404.90999999999,35941.184,1394.0244,,10791.95,18546.425,2400.3155,,,,,,,,,,,,,,,,16200.000000000002,,,,,,,,,,,,,,,,,,,,,,,,,,4.6,,24.4,,364.9,49.8,,,,81,119.2,152.4,23.6,,,,,28.4,716.5,30.5,270.5,55.5,,,,,,,,,,,,0.2,412.5,44.2,90.3,11,44.6,9.3,3.1,9.4,1.3,6.7,1.1,3.1,0.4,2.3,0.3,6.8,4.3,,,,,,,,,2.4,,4.6,1,,,,,,,,,,,,,,,,,,,,,,,,,126386,
[5653],OCEAN ISLAND,CAPE VERDE ISLANDS / SAO VICENTE / OLD VOLCANICS / ATLANTIC OCEAN,,14.9,14.9,-24.3,-24.3,SUBAERIAL,,,s 115-093 [5653],BASANITE [5653],,,,,,,,FINE-GRAINED TO APHANITIC GROUNDMASS [5653] ,VOLCANIC ROCK,,,SLIGHTLY ALTERED,,WHOLE_ROCK [5653] ,202399.355,23134.523999999998,,74253.9153,,32452.159999999996,59307.99,,77544.95,52766.,1548.9160000000002,,3818.69,24036.1668,3185.8732999999997,,,,,,,,,,,,,,,,20600.,,,,,,,,,,,,,,,,,,,,,,,,,,4.5,,22.7,,338.9,313.6,,,,147.8,66.2,128.3,22.2,,,,,20.5,897.5,30.4,326.1,66.6,,,,,,,,,,,,0.4,560.2,58.8,120.3,13.9,56.1,10.6,3,10.4,1.4,6.8,1.2,3.1,0.4,2.3,0.3,7.4,4.5,,,,,,,,,2.9,,7,1.5,,,,,,19.721,,15.565,,39.387,,,,,,,,,,,,,,,126387,
[5653],OCEAN ISLAND,CAPE VERDE ISLANDS / SAO VICENTE / OLD VOLCANICS / ATLANTIC OCEAN,,14.9,14.9,-24.3,-24.3,SUBAERIAL,,,s 115-094 [5653],BASANITE [5653],,,,,,,,FINE-GRAINED TO APHANITIC GROUNDMASS [5653] ,VOLCANIC ROCK,,,SLIGHTLY ALTERED,,WHOLE_ROCK [5653] ,204783.27350000004,24453.072,,78064.5225,,57630.560000000005,35755.799999999996,,86550.17,38353.344,1394.0244,,12037.175,18991.5392,2749.4523,,,,,,,,,,,,,,,,12400.,,,,,,,,,,,,,,,,,,,,,,,,,,4.3,,20.7,,393.4,137,,,,103.1,129.1,158.8,23.6,,,,,36.3,913.7,30.7,271.8,69.3,,,,,,,,,,,,0.4,540.7,52.7,104.7,12.4,48.9,9.8,3.4,10,1.4,7,1.1,3.1,0.4,2.2,0.3,6.2,5.2,,,,,,,,,2.9,,5.4,1.3,,,,,,19.715,,15.576,,39.381,,,,,,,,,,,,,,,126388,
[5653],OCEAN ISLAND,CAPE VERDE ISLANDS / SAO VICENTE / INTERMEDIATE VOLCANICS / ATLANTIC OCEAN,,14.9,14.9,-24.3,-24.3,SUBAERIAL,,,s 115-097 [5653],NEPHELINITE [5653],,,,,,,,FINE-GRAINED TO APHANITIC GROUNDMASS [5653] ,VOLCANIC ROCK,,,FRESH,,WHOLE_ROCK [5653] ,177905.76100000003,24093.467999999997,,59646.587700000004,,39026.520000000004,52934.13,,99915.06,67721.39199999999,1626.3618,,14029.535,31603.1082,4669.7047,,,,,,,,,,,,,,,,11500.,,,,,,,,,,,,,,,,,,,,,,,,,,3.9,,24.3,,375,381.9,,,,236.6,95.3,156.9,20.9,,,,,37.8,1269.4,34,317.7,95.5,,,,,,,,,,,,0.2,728.5,81.2,155.4,18.3,70.3,13.8,4.4,13.4,1.7,8.4,1.2,3.5,0.4,2.2,0.3,7.3,6.5,,,,,,,,,0.3,,8.1,2.1,0.51292,,,0.70313,,19.955,,15.601,,39.642,,,,,,,,,,,,,,,126389,
[5653],OCEAN ISLAND,CAPE VERDE ISLANDS / SAO VICENTE / INTERMEDIATE VOLCANICS / ATLANTIC OCEAN,,14.9,14.9,-24.3,-24.3,SUBAERIAL,,,s 115-098 [5653],NEPHELINITE [5653],,,,,,,,FINE-GRAINED TO APHANITIC GROUNDMASS [5653] ,VOLCANIC ROCK,,,FRESH,,WHOLE_ROCK [5653] ,173511.872,24932.543999999998,,51972.448200000006,,36298.86,56198.79,,105990.01,88948.4,1471.4702,,9380.695,18398.0536,3840.5048,,,,,,,,,,,,,,,,16900.,,,,,,,,,,,,,,,,,,,,,,,,,,4.5,,32.8,,339,702.7,,,,338.3,78.7,139.1,17.9,,,,,25.3,1178.6,26.3,246,61.7,,,,,,,,,,,,0.2,640.9,569,113.5,13.8,54.7,10.9,3.5,10.5,1.3,6.3,1,2.7,0.3,1.7,0.2,6.3,4.7,,,,,,,,,3,,5.8,1.3,0.51296,,,0.70308,,19.478,,15.558,,39.002,,,,,,,,,,,,,,,126390,
[5653],OCEAN ISLAND,CAPE VERDE ISLANDS / SAO VICENTE / INTERMEDIATE VOLCANICS / ATLANTIC OCEAN,,14.9,14.9,-24.3,-24.3,SUBAERIAL,,,s 115-100 [5653],NEPHELINITE [5653],,,,,,,,FINE-GRAINED TO APHANITIC GROUNDMASS [5653] ,VOLCANIC ROCK,,,FRESH,,WHOLE_ROCK [5653] ,186413.07800000004,25232.214,,72507.387,,34480.42,56198.79,,95841.27,43418.88,1626.3618,,8550.545,35831.6931,4058.7153000000003,,,,,,,,,,,,,,,,22200.000000000004,,,,,,,,,,,,,,,,,,,,,,,,,,4.4,,24.3,,379,117.1,,,,72.4,96.1,141.9,24.4,,,,,9.8,1395.2,33,382.8,91.6,,,,,,,,,,,,0.5,775,295.1,471.5,62.9,79.9,12.6,3.4,21.9,1.6,7.7,1.2,3.3,0.4,2.3,0.3,8.2,5.8,,,,,,,,,4.8,,8.9,2,,,,,,19.603,,15.561,,39.191,,,,,,,,,,,,,,,126391,
[5653],OCEAN ISLAND,CAPE VERDE ISLANDS / SAO VICENTE / INTERMEDIATE VOLCANICS / ATLANTIC OCEAN,,14.9,14.9,-24.3,-24.3,SUBAERIAL,,,s 115-107 [5653],NEPHELINITE [5653],,,,,,,,FINE-GRAINED TO APHANITIC GROUNDMASS [5653] ,VOLCANIC ROCK,,,FRESH,,WHOLE_ROCK [5653] ,175381.61200000002,23793.798,,64833.247500000005,,46719.92,50446.770000000004,,115566.99,45408.912,1703.8076,,13614.46,35980.06449999999,4233.2837,,,,,,,,,,,,,,,,8400.,,,,,,,,,,,,,,,,,,,,,,,,,,4.6,,27.3,,446,86.5,,,,83.9,145.7,161.9,21.8,,,,,38.9,1182.7,34.3,272.6,92.9,,,,,,,,,,,,0.6,825,70.8,138.5,16.9,66.9,13.1,4.2,12.7,1.7,8.1,1.3,3.5,0.4,2.2,0.3,6.2,6.9,,,,,,,,,4.2,,7.2,1.6,0.51291,,,0.70317,,19.734,,15.562,,39.189,,,,,,,,,,,,,,,126392,
[5653],OCEAN ISLAND,CAPE VERDE ISLANDS / SAO VICENTE / INTERMEDIATE VOLCANICS / ATLANTIC OCEAN,,14.9,14.9,-24.3,-24.3,SUBAERIAL,,,s 115-109 [5653],NEPHELINITE [5653],,,,,,,,FINE-GRAINED TO APHANITIC GROUNDMASS [5653] ,VOLCANIC ROCK,,,FRESH,,WHOLE_ROCK [5653] ,170239.82700000002,24393.138,,64833.247500000005,,49517.520000000004,42596.04,,113994.65,42212.799999999996,2013.5908,,16769.03,47775.5908,6677.241300000001,,,,,,,,,,,,,,,,10400.,,,,,,,,,,,,,,,,,,,,,,,,,,3.7,,21.5,,385.2,96.5,,,,67.4,87.2,185.6,22.8,,,,,59.2,1917.8,47.4,410.3,126.7,,,,,,,,,,,,0.6,910.3,117.7,216.8,24.8,93.8,17.4,5.6,17.3,2.3,10.8,1.7,4.6,0.5,3.1,0.4,7.7,8.3,,,,,,,,,6.2,,11.4,3.1,0.5129,,,0.70315,,20.011,,15.62,,39.555,,,,,,,,,,,,,,,126393,
[5653],OCEAN ISLAND,CAPE VERDE ISLANDS / SAO VICENTE / INTERMEDIATE VOLCANICS / ATLANTIC OCEAN,,14.9,14.9,-24.3,-24.3,SUBAERIAL,,,s 115-110 [5653],NEPHELINITE [5653],,,,,,,,FINE-GRAINED TO APHANITIC GROUNDMASS [5653] ,VOLCANIC ROCK,,,FRESH,,WHOLE_ROCK [5653] ,183328.007,26910.365999999998,,65838.8244,,26297.44,63816.33000000001,,92339.24,50534.752,1471.4702,,6641.200000000001,35015.6504,3142.2311999999997,,,,,,,,,,,,,,,,35400.,,,,,,,,,,,,,,,,,,,,,,,,,,3.8,,29.4,,373.3,258.9,,,,135.5,91.9,132.1,20.1,,,,,29.3,1245.4,29.6,315.2,66.8,,,,,,,,,,,,0.5,738.1,55.9,110.2,12.7,52.3,10.1,2.7,10,1.3,6.4,1.1,2.9,0.3,2.1,0.3,7,4,,,,,,,,,4.3,,6.9,1.8,,,,,,19.861,,15.561,,39.386,,,,,,,,,,,,,,,126394,
[5653],OCEAN ISLAND,CAPE VERDE ISLANDS / SAO VICENTE / INTERMEDIATE VOLCANICS / ATLANTIC OCEAN,,14.9,14.9,-24.3,-24.3,SUBAERIAL,,,s 115-113 [5653],NEPHELINITE [5653],,,,,,,,FINE-GRAINED TO APHANITIC GROUNDMASS [5653] ,VOLCANIC ROCK,,,FRESH,,WHOLE_ROCK [5653] ,175989.2775,23314.326,,48691.092,,33081.62,61562.159999999996,,93911.58,104024.4,1471.4702,,8467.53,14837.14,3884.1469,,,,,,,,,,,,,,,,11800.,,,,,,,,,,,,,,,,,,,,,,,,,,4.3,,33.8,,314.4,780.8,,,,397.7,66.1,125.4,15.9,,,,,19.8,1269.8,24.8,248.7,52,,,,,,,,,,,,0.2,599.9,54.2,111.3,13.6,54.2,10.4,3.4,10,1.3,6,0.9,2.4,0.3,1.6,0.2,6.4,4,,,,,,,,,2.3,,5.2,1.2,0.51293,,,0.70312,,19.471,,15.553,,39.021,,,,,,,,,,,,,,,126395,
[5653],OCEAN ISLAND,CAPE VERDE ISLANDS / SAO VICENTE / RECENT SERIES / ATLANTIC OCEAN,,14.9,14.9,-24.3,-24.3,SUBAERIAL,,,s 115-103 [5653],"BASALT, PICRITIC [5653]",,,,,,,,FINE-GRAINED TO APHANITIC GROUNDMASS [5653] ,VOLCANIC ROCK,,,FRESH,,WHOLE_ROCK [5653] ,203754.91650000002,16242.114,,66368.0754,,26856.96,66614.61,,80117.87000000001,72002.976,1471.4702,,7388.335,22255.71,2531.2418,,,,,,,,,,,,,,,,6600.,,,,,,,,,,,,,,,,,,,,,,,,,,4.4,,25,,283.8,498.8,,,,269.2,66.4,114.2,18.8,,,,,20,616.2,259,171.3,37.3,,,,,,,,,,,,0.2,405.3,32.6,66.4,7.8,32.9,7,2.1,7.1,1.1,5.4,0.9,2.5,0.3,1.9,0.3,4,2.4,,,,,,,,,1.8,,4.3,1,,,,,,19.404,,15.553,,38.851,,,,,,,,,,,,,,,126396,
[5653],OCEAN ISLAND,CAPE VERDE ISLANDS / SAO VICENTE / RECENT SERIES / ATLANTIC OCEAN,,14.9,14.9,-24.3,-24.3,SUBAERIAL,,,s 115-104 [5653],"BASALT, PICRITIC [5653]",,,,,,,,FINE-GRAINED TO APHANITIC GROUNDMASS [5653] ,VOLCANIC ROCK,,,FRESH,,WHOLE_ROCK [5653] ,198987.07950000002,21995.778,,66791.4762,,20772.18,68013.75,,80904.04000000001,67721.39199999999,1394.0244,,10459.89,22997.567,1658.3998000000001,,,,,,,,,,,,,,,,17900.,,,,,,,,,,,,,,,,,,,,,,,,,,4.6,,26.9,,302.6,482.8,,,,216.3,67.2,137.5,20.4,,,,,21.9,748,23.3,237.8,57.2,,,,,,,,,,,,0.3,501.4,25,52.8,6.8,28.8,6.9,2.3,6.8,1,4.9,0.8,2.3,0.3,1.6,0.2,6.2,5.2,,,,,,,,,1.4,,2.5,0.6,0.51297,,,,,19.404,,15.561,,38.766,,,,,,,,,,,,,,,126397,
[5653],OCEAN ISLAND,CAPE VERDE ISLANDS / SAO VICENTE / RECENT SERIES / ATLANTIC OCEAN,,14.9,14.9,-24.3,-24.3,SUBAERIAL,,,s 115-117 [5653],"BASALT, PICRITIC [5653]",,,,,,,,FINE-GRAINED TO APHANITIC GROUNDMASS [5653] ,VOLCANIC ROCK,,,FRESH,,WHOLE_ROCK [5653] ,206886.731,16182.18,,68643.85470000001,,16365.96,68791.05,,83762.84000000001,67721.39199999999,1394.0244,,10293.86,23516.866899999997,1920.2524,,,,,,,,,,,,,,,,6800.000000000001,,,,,,,,,,,,,,,,,,,,,,,,,,5.1,,25.6,,259.4,479.2,,,,228.6,69.2,107.6,19.1,,,,,23.7,615.3,23.8,183.6,41.2,,,,,,,,,,,,0.1,430.6,26.6,56.9,6.9,30.1,6.7,2,6.6,1,4.9,0.9,2.3,0.3,1.8,0.3,4.5,2.9,,,,,,,,,1.6,,3.2,0.6,,,,,,19.149,,15.55,,38.702,,,,,,,,,,,,,,,126398,
[5653],OCEAN ISLAND,CAPE VERDE ISLANDS / SAO VICENTE / RECENT SERIES / ATLANTIC OCEAN,DIKES,14.9,14.9,-24.3,-24.3,SUBAERIAL,,,s 115-131 [5653],CARBONATITE [5653],,,,,,,,,PLUTONIC ROCK,,,FRESH,,WHOLE_ROCK [5653] ,190666.7365,27569.639999999996,,75735.8181,,38886.64,51534.99,,74328.8,39137.296,1239.1328,,17350.135,13353.426,3360.4417000000003,,,,,,,,,,,,,,,,54700.,,,,,,,,,,,,,,,,,,,,,,,,,,4.1,,14.6,,372.2,,,,,51.3,137.9,168,23.8,,,,,43.9,836.2,33.7,329.6,66.6,,,,,,,,,,,,0.3,490.2,54.5,113.8,14.2,56.5,11.6,3.6,11.3,1.6,7.9,1.2,3.5,0.4,2.4,0.3,7.6,5.1,,,,,,,,,2.8,,5.2,1.3,,,,,,,,,,,,,,,,,,,,,,,,,126399,
[5653],OCEAN ISLAND,CAPE VERDE ISLANDS / SAO VICENTE / RECENT SERIES / ATLANTIC OCEAN,DIKES,14.9,14.9,-24.3,-24.3,SUBAERIAL,,,s 115-137 [5653],CARBONATITE [5653],,,,,,,,,PLUTONIC ROCK,,,FRESH,,WHOLE_ROCK [5653] ,200482.8715,25831.553999999996,,61498.966199999995,,18394.219999999998,72988.47,,89766.32,62052.81599999999,1394.0244,,7056.275,19214.096299999997,2269.3892,,,,,,,,,,,,,,,,17000.,,,,,,,,,,,,,,,,,,,,,,,,,,4.3,,32.9,,341.4,363.7,,,,165.5,79,137.4,18.8,,,,,16.9,816.9,24.5,265.9,48.5,,,,,,,,,,,,0.5,328.8,41.1,88.7,10.7,45.8,9.1,3,9.1,1.3,6.4,1,2.7,0.3,1.8,0.3,6.6,3.6,,,,,,,,,1.9,,4,1.1,0.51293,,,0.70317,,19.556,,15.561,,39.182,,,,,,,,,,,,,,,126400,
[5653],OCEAN ISLAND,CAPE VERDE ISLANDS / SAO VICENTE / RECENT SERIES / ATLANTIC OCEAN,DIKES,14.9,14.9,-24.3,-24.3,SUBAERIAL,,,s 115-141 [5653],CARBONATITE [5653],,,,,,,,,PLUTONIC ROCK,,,FRESH,,WHOLE_ROCK [5653] ,194967.13850000003,13365.282,,47420.88960000001,,24828.699999999997,66847.8,,74543.20999999999,118557.66399999999,1471.4702,,6309.14,10534.3694,1483.8314,,,,,,,,,,,,,,,,18400.,,,,,,,,,,,,,,,,,,,,,,,,,,4.2,,23.7,,257.2,946.4,,,,631.1,74.9,117.6,14.5,,,,,18.7,551.1,17.3,140.2,33.4,,,,,,,,,,,,0.2,298.2,24.1,49,6.2,25.8,5.6,2,5.6,0.8,3.9,0.6,1.8,0.2,1.2,0.2,3.4,2.5,,,,,,,,,1.4,,2.5,0.6,0.51295,,,0.70307,,19.3,,15.543,,38.904,,,,,,,,,,,,,,,126401,
[5653],OCEAN ISLAND,CAPE VERDE ISLANDS / SAO VICENTE / RECENT SERIES / ATLANTIC OCEAN,DIKES,14.9,14.9,-24.3,-24.3,SUBAERIAL,,,s 115-171 [5653],CARBONATITE [5653],,,,,,,,,PLUTONIC ROCK,,,FRESH,,WHOLE_ROCK [5653] ,200108.92350000003,20916.966,,53983.602,,17694.82,72211.17,,82619.32,87862.928,1316.5786,,8633.56,15059.697099999998,1440.1893,,,,,,,,,,,,,,,,15400.,,,,,,,,,,,,,,,,,,,,,,,,,,4,,31,,334.2,835,,,,411.7,76.5,130.7,18.1,,,,,27.1,548.2,19.6,178.5,37.2,,,,,,,,,,,,0.3,467.9,26.6,55.2,7,29.3,6.5,2.3,6.3,0.9,4.6,0.8,2,0.2,1.4,0.2,4.9,3,,,,,,,,,1.5,,2.8,0.7,0.51288,,,0.70319,,19.541,,15.568,,39.22,,,,,,,,,,,,,,,126402,
[5653],OCEAN ISLAND,CAPE VERDE ISLANDS / SAO VICENTE / RECENT SERIES / ATLANTIC OCEAN,DIKES,14.9,14.9,-24.3,-24.3,SUBAERIAL,,,s 115-174 [5653],CARBONATITE [5653],,,,,,,,,PLUTONIC ROCK,,,FRESH,,WHOLE_ROCK [5653] ,182954.059,22535.183999999997,,61604.8164,,30563.780000000002,62417.189999999995,,94912.15999999999,76465.472,1394.0244,,8799.59,23071.752699999997,3404.0838000000003,,,,,,,,,,,,,,,,16600.,,,,,,,,,,,,,,,,,,,,,,,,,,5.3,,33.3,,330,444.6,,,,269.8,95.6,127.9,18.5,,,,,20.2,815.1,25.5,233.4,57.9,,,,,,,,,,,,0.4,529.3,45.9,97.6,12,49.4,10,3.3,9.8,1.3,6.3,1,2.5,0.3,1.7,0.3,6.2,4.8,,,,,,,,,1.9,,5.7,1.1,0.51292,,,0.70306,,19.385,,15.556,,38.976,,,,,,,,,,,,,,,126403,
[5653],OCEAN ISLAND,CAPE VERDE ISLANDS / SAO VICENTE / INTERMEDIATE VOLCANICS / ATLANTIC OCEAN,,14.9,14.9,-24.3,-24.3,SUBAERIAL,,,s 115-107 [5653],NEPHELINITE [5653],,,,,,,,FINE-GRAINED TO APHANITIC GROUNDMASS [5653] ,VOLCANIC ROCK,,,FRESH,,WHOLE_ROCK [5653] ,,,,,,,,,,,,,,,,,,,,,,,,,,,,,,,,,,,,,,,,,,,,,,,,,,,,,,,,,,,,,,,,,,,,,,,,,,,,,,,,,,,,,,,,,,,,,,,,,,,,,,,,,,,,,,,,,,,,,,,,,,,,,19.755,,15.581,,39.237,,,,,,,,,,,,,,,126404,
[5653],OCEAN ISLAND,CAPE VERDE ISLANDS / SAO VICENTE / RECENT SERIES / ATLANTIC OCEAN,,14.9,14.9,-24.3,-24.3,SUBAERIAL,,,s 115-117 [5653],"BASALT, PICRITIC [5653]",,,,,,,,FINE-GRAINED TO APHANITIC GROUNDMASS [5653] ,VOLCANIC ROCK,,,FRESH,,WHOLE_ROCK [5653] ,,,,,,,,,,,,,,,,,,,,,,,,,,,,,,,,,,,,,,,,,,,,,,,,,,,,,,,,,,,,,,,,,,,,,,,,,,,,,,,,,,,,,,,,,,,,,,,,,,,,,,,,,,,,,,,,,,,,,,,,,,,,,19.14,,15.531,,38.643,,,,,,,,,,,,,,,126405,
[6595],OCEAN ISLAND,CAPE VERDE ISLANDS / SANTIAGO / ATLANTIC OCEAN,,14.9,14.9,-24.3,-24.3,SUBAERIAL,,,s ST-02 [6595],NOT GIVEN [6595],,,,,,,,,VOLCANIC ROCK,,,,,WHOLE_ROCK [6595] ,200810.07600000003,15942.444,,68379.2292,,,,86668.95,92124.83,62716.159999999996,1316.5786,,10210.845,20920.3674,2531.2418,,,,,,,,,,,,,,,,11700.,,,,,,,,,,,,,,,,,,,,,,,,,,,,,,,,,,52,211,,,,,,,,24,930,22.1,236,69,,,,,,,,,,,,,963,51,102,12.1,48,8.7,2.93,6.95,0.98,4.81,0.82,2,0.23,1.47,0.23,,4.7,,,,,,,,,,,5,1.14,,,,0.703486,,19.308,,15.567,,39.001,,,,,,,,,,,,,,,154629,
[6595],OCEAN ISLAND,CAPE VERDE ISLANDS / SANTIAGO / ATLANTIC OCEAN,,14.9,14.9,-24.3,-24.3,SUBAERIAL,,,s ST-06 [6595],NOT GIVEN [6595],,,,,,,,,VOLCANIC ROCK,,,,,WHOLE_ROCK [6595] ,177999.248,21516.305999999997,,54089.45220000001,,,,87368.52,103917.37999999999,79540.976,1394.0244,,17267.12,23442.6812,3142.2311999999997,,,,,,,,,,,,,,,,15900.,,,,,,,,,,,,,,,,,,,,,,,,,,,,,,,,,,62,313,,,,,,,,43,824,24.6,326,81,,,,,,,,,,,,,700,58,117,14,58,10.3,3.1,7.17,1.05,5.51,0.888,2.06,0.239,1.35,0.233,,5.64,,,,,,,,,,,6.3,1.36,,,,0.703516,,19.374,,15.575,,39.097,,,,,,,,,,,,,,,154630,
[6595],OCEAN ISLAND,CAPE VERDE ISLANDS / SANTIAGO / ATLANTIC OCEAN,,14.9,14.9,-24.3,-24.3,SUBAERIAL,,,s ST-08 [6595],NOT GIVEN [6595],,,,,,,,,VOLCANIC ROCK,,,,,WHOLE_ROCK [6595] ,200576.3585,19178.88,,62451.61800000001,,,,86591.22,91052.78,64585.584,1316.5786,,11124.01,14021.0973,2094.8208,,,,,,,,,,,,,,,,23200.,,,,,,,,,,,,,,,,,,,,,,,,,,,,,,,,,,61,274,,,,,,,,33,910,25,285,62,,,,,,,,,,,,,561,45,89,11.1,44,8.9,2.61,6.47,0.97,4.86,0.884,2.01,0.266,1.43,0.233,,4.39,,,,,,,,,,,4.6,0.92,,,,,,19.398,,15.58,,39.19,,,,,,,,,,,,,,,154631,
[6595],OCEAN ISLAND,CAPE VERDE ISLANDS / SANTIAGO / ATLANTIC OCEAN,,14.9,14.9,-24.3,-24.3,SUBAERIAL,,,s ST-09 [6595],NOT GIVEN [6595],,,,,,,,,VOLCANIC ROCK,,,,,WHOLE_ROCK [6595] ,184403.10750000004,20976.899999999998,,78064.5225,,,,86435.76,93268.35,37690.,1781.2534,,14776.67,24778.0238,5237.052,,,,,,,,,,,,,,,,39200.,,,,,,,,,,,,,,,,,,,,,,,,,,,,,,,,,,37,34,,,,,,,,58,2064,44.5,502,165,,,,,,,,,,,,,986,132,252,29.3,115,19.4,5.72,14.1,1.99,9.81,1.67,3.85,0.53,2.88,0.453,,12.1,,,,,,,,,,,15.4,4.71,,,,0.70351,,19.216,,15.549,,39.014,,,,,,,,,,,,,,,154632,
[6595],OCEAN ISLAND,CAPE VERDE ISLANDS / SANTIAGO / ATLANTIC OCEAN,,14.9,14.9,-24.3,-24.3,SUBAERIAL,,,s ST-10 [6595],NOT GIVEN [6595],,,,,,,,,VOLCANIC ROCK,,,,,WHOLE_ROCK [6595] ,194733.421,23434.194,,81980.9799,,,,77108.16,79974.93,35096.928,1316.5786,,24157.365,19807.581899999997,4015.0732000000003,,,,,,,,,,,,,,,,44000.,,,,,,,,,,,,,,,,,,,,,,,,,,,,,,,,,,35,39,,,,,,,,59,1652,34.7,437,112,,,,,,,,,,,,,844,87,175,20.7,81,14,4.37,11,1.49,7.63,1.35,2.98,0.42,2.39,0.307,,9,,,,,,,,,,,8.5,2.06,,,,,,19.095,,15.539,,38.905,,,,,,,,,,,,,,,154633,
[6595],OCEAN ISLAND,CAPE VERDE ISLANDS / SAO VICENTE / ATLANTIC OCEAN,MONTE JULIAO,16.85,16.85,-25,-25,SUBAERIAL,,,s SV-01 [6595],NOT GIVEN [6595],,,,,,,,,VOLCANIC ROCK,,,,,WHOLE_ROCK [6595] ,207213.93550000002,18639.474,,70019.9073,,,,84803.43000000001,87479.28,60907.03999999999,1316.5786,,9131.650000000001,15504.811299999998,1876.6103,,,,,,,,,,,,,,,,13500.,,,,,,,,,,,,,,,,,,,,,,,,,,,,,,,,,,53,205,,,,,,,,25,611,25.4,215,49,,,,,,,,,,,,,331,36,76,9,36,7.6,2.41,6.08,0.97,4.84,0.886,2.19,0.315,1.9,0.273,,3.56,,,,,,,,,,,4.7,1.08,,,,0.703212,,19.639,,15.594,,39.361,,,,,,,,,,,,,,,154634,
[6595],OCEAN ISLAND,CAPE VERDE ISLANDS / SAO VICENTE / ATLANTIC OCEAN,MONTE JULIAO,16.85,16.85,-25,-25,SUBAERIAL,,,s SV-02 [6595],NOT GIVEN [6595],,,,,,,,,VOLCANIC ROCK,,,,,WHOLE_ROCK [6595] ,201324.2545,20497.428,,59646.587700000004,,,,88068.09,98628.6,68324.432,1316.5786,,8384.515,15208.068499999998,1789.3261,,,,,,,,,,,,,,,,9000.,,,,,,,,,,,,,,,,,,,,,,,,,,,,,,,,,,62,214,,,,,,,,20,555,23.3,207,40,,,,,,,,,,,,,264,29,66,8.3,35,7.2,2.3,6.57,0.9,4.56,0.848,1.85,0.275,1.68,0.227,,3.05,,,,,,,,,,,3,0.72,,,,0.703284,,19.273,,15.619,,38.995,,,,,,,,,,,,,,,154635,
[6595],OCEAN ISLAND,CAPE VERDE ISLANDS / SAO VICENTE / ATLANTIC OCEAN,MONTE JULIAO,16.85,16.85,-25,-25,SUBAERIAL,,,s SV-03 [6595],NOT GIVEN [6595],,,,,,,,,VOLCANIC ROCK,,,,,WHOLE_ROCK [6595] ,207868.3445,16122.246,,70602.0834,,,,87757.17,85192.24,64947.407999999996,1394.0244,,10376.875,24258.7239,1789.3261,,,,,,,,,,,,,,,,,,,,,,,,,,,,,,,,,,,,,,,,,,,,,,,,,,57,216,,,,,,,,23,590,22.6,173,44,,,,,,,,,,,,,377,25,55,6.7,29,5.8,2.04,5.64,0.9,4.34,0.802,2.08,0.286,1.57,0.252,,3.45,,,,,,,,,,,2.9,0.52,,,,0.70321,,19.187,,15.571,,38.763,,,,,,,,,,,,,,,154636,
[6595],OCEAN ISLAND,CAPE VERDE ISLANDS / SAO VICENTE / ATLANTIC OCEAN,MONTE JULIAO,16.85,16.85,-25,-25,SUBAERIAL,,,s SV-05 [6595],NOT GIVEN [6595],,,,,,,,,VOLCANIC ROCK,,,,,WHOLE_ROCK [6595] ,189778.61000000002,19658.352,,56047.6809,,,,92498.7,86621.64,91601.776,1316.5786,,4980.9,20401.067499999997,2313.0313,,,,,,,,,,,,,,,,12000.,,,,,,,,,,,,,,,,,,,,,,,,,,,,,,,,,,70,454,,,,,,,,7,659,20.8,206,47,,,,,,,,,,,,,392,36,76,9,37,7.1,2.22,5.69,0.85,4.22,0.755,1.87,0.243,1.37,0.238,,3.57,,,,,,,,,,,3.7,0.82,,,,0.703256,,19.692,,15.61,,39.27,,,,,,,,,,,,,,,154637,
[6595],OCEAN ISLAND,CAPE VERDE ISLANDS / SAO VICENTE / ATLANTIC OCEAN,MONTE JULIAO,16.85,16.85,-25,-25,SUBAERIAL,,,s SV-09 [6595],NOT GIVEN [6595],,,,,,,,,VOLCANIC ROCK,,,,,WHOLE_ROCK [6595] ,180149.44900000002,26490.827999999998,,59487.8124,,,,92809.62,92124.83,72666.32,1316.5786,,2905.5249999999996,21736.4101,2836.7365,,,,,,,,,,,,,,,,35900.,,,,,,,,,,,,,,,,,,,,,,,,,,,,,,,,,,61,252,,,,,,,,27,1026,26,270,73,,,,,,,,,,,,,591,54,112,12.6,54,10,3.02,8.39,1.11,5.5,1,2.21,0.291,1.66,0.238,,5.12,,,,,,,,,,,6,1.03,,,,,,19.676,,15.618,,39.337,,,,,,,,,,,,,,,154638,
[6595],OCEAN ISLAND,CAPE VERDE ISLANDS / SAO VICENTE / ATLANTIC OCEAN,MONTE JULIAO,16.85,16.85,-25,-25,SUBAERIAL,,,s SV-10 [6595],NOT GIVEN [6595],,,,,,,,,VOLCANIC ROCK,,,,,WHOLE_ROCK [6595] ,181551.75400000004,22115.645999999997,,60017.0634,,,,91565.93999999999,101272.99,76525.776,1394.0244,,10376.875,20401.067499999997,2662.1681,,,,,,,,,,,,,,,,15100.,,,,,,,,,,,,,,,,,,,,,,,,,,,,,,,,,,60,282,,,,,,,,23,786,23.3,219,62,,,,,,,,,,,,,517,43,90,10.7,44,8.3,2.71,6.97,0.97,4.99,0.808,1.9,0.256,1.4,0.206,,4.46,,,,,,,,,,,4.5,0.99,,,,0.70312,,19.357,,15.578,,38.964,,,,,,,,,,,,,,,154639,
[6595],OCEAN ISLAND,CAPE VERDE ISLANDS / SAO VICENTE / ATLANTIC OCEAN,MONTE JULIAO,16.85,16.85,-25,-25,SUBAERIAL,,,s SV-12 [6595],NOT GIVEN [6595],,,,,,,,,VOLCANIC ROCK,,,,,WHOLE_ROCK [6595] ,202305.86800000002,13485.15,,44351.23380000001,,,,94597.41,69397.37000000001,114336.384,1316.5786,,5229.945,8828.0983,1309.263,,,,,,,,,,,,,,,,16500.,,,,,,,,,,,,,,,,,,,,,,,,,,,,,,,,,,83,553,,,,,,,,15,348,16.3,142,28,,,,,,,,,,,,,204,22,48,5.7,24,5,1.64,4.49,0.64,3.3,0.604,1.37,0.228,1.24,0.197,,2.01,,,,,,,,,,,2.3,0.5,,,,0.703279,,19.677,,15.608,,39.401,,,,,,,,,,,,,,,154640,
[6595],OCEAN ISLAND,CAPE VERDE ISLANDS / SAL / ATLANTIC OCEAN,,16.7,16.7,-23,-23,SUBAERIAL,,,s S-03 [6595],NOT GIVEN [6595],,,,,,,,,VOLCANIC ROCK,,,,,WHOLE_ROCK [6595] ,166734.0645,20017.956,,57847.1343,,,,85347.54000000001,117353.74,77792.16,1548.9160000000002,,7720.395,22775.009899999997,6284.462399999999,,,,,,,,,,,,,,,,23000.,,,,,,,,,,,,,,,,,,,,,,,,,,,,,,,,,,58,232,,,,,,,,33,1515,35.5,301,89,,,,,,,,,,,,,929,92,181,21.2,80,14.8,4.43,11.1,1.44,7.56,1.18,3.14,0.346,2.48,0.323,,6.15,,,,,,,,,,,12.2,2.95,,,,0.703131,,19.442,,15.575,,38.927,,,,,,,,,,,,,,,154648,
[6595],OCEAN ISLAND,CAPE VERDE ISLANDS / SAL / ATLANTIC OCEAN,,16.7,16.7,-23,-23,SUBAERIAL,,,s S-06 [6595],NOT GIVEN [6595],,,,,,,,,VOLCANIC ROCK,,,,,WHOLE_ROCK [6595] ,178793.8875,20377.559999999998,,50755.170900000005,,,,90399.99,95555.39,99622.20799999998,1471.4702,,11124.01,19214.096299999997,2967.6628,,,,,,,,,,,,,,,,4900.,,,,,,,,,,,,,,,,,,,,,,,,,,,,,,,,,,72,466,,,,,,,,31,902,25.4,236,67,,,,,,,,,,,,,514,52,108,13.4,51,10.2,3,7.74,1.14,5.57,0.897,2.06,0.269,1.67,0.245,,4.81,,,,,,,,,,,6.2,1.31,,,,,,19.36,,15.564,,38.99,,,,,,,,,,,,,,,154649,
[6595],OCEAN ISLAND,CAPE VERDE ISLANDS / SAL / ATLANTIC OCEAN,,16.7,16.7,-23,-23,SUBAERIAL,,,s S-07 [6595],NOT GIVEN [6595],,,,,,,,,VOLCANIC ROCK,,,,,WHOLE_ROCK [6595] ,181785.4715,19838.154,,43663.207500000004,,,,93509.18999999999,89194.56,120427.08799999999,1471.4702,,8633.56,13353.426,2094.8208,,,,,,,,,,,,,,,,3200.,,,,,,,,,,,,,,,,,,,,,,,,,,,,,,,,,,78,611,,,,,,,,25,643,19.7,216,47,,,,,,,,,,,,,352,36,77,9.7,39,8,2.53,6.65,0.89,4.32,0.741,1.57,0.203,1.31,0.17,,3.4,,,,,,,,,,,3.3,0.75,,,,,,19.363,,15.582,,39.004,,,,,,,,,,,,,,,154650,
[6595],OCEAN ISLAND,CAPE VERDE ISLANDS / FOGO / PRE-CALDERA STAGE / ATLANTIC OCEAN,,14.9178,14.9178,-24.4992,-24.4992,SUBAERIAL,,,s F-02(A) [6595],NOT GIVEN [6595],,,,,,,,,VOLCANIC ROCK,,,,,WHOLE_ROCK [6595] ,,,,,,,,,,,,,,,,,,,,,,,,,,,,,,,,,,,,,,,,,,,,,,,,,,,,,,,,,,,,,,,,,,,,,,,,,,,,,,,,,,,,,,,,,,,,,,,,,,,,,,,,,,,,,,,,,,,,,,,,,,,0.703723,,19.062,,15.563,,38.858,,,,,,,,,,,,,,,154652,
[6595],OCEAN ISLAND,CAPE VERDE ISLANDS / FOGO / PRE-CALDERA STAGE / ATLANTIC OCEAN,,14.9178,14.9178,-24.4992,-24.4992,SUBAERIAL,,,s F-02(B) [6595],NOT GIVEN [6595],,,,,,,,,VOLCANIC ROCK,,,,,WHOLE_ROCK [6595] ,,,,,,,,,,,,,,,,,,,,,,,,,,,,,,,,,,,,,,,,,,,,,,,,,,,,,,,,,,,,,,,,,,,,,,,,,,,,,,,,,,,,,,,,,,,,,,,,,,,,,,,,,,,,,,,,,,,,,,,,,,,,,19.067,,15.571,,38.903,,,,,,,,,,,,,,,154653,
[6595],OCEAN ISLAND,CAPE VERDE ISLANDS / FOGO / ATLANTIC OCEAN,UNIT 1995,14.9397,14.9397,-24.3611,-24.3611,SUBAERIAL,,,s F-08A [6595],NOT GIVEN [6595],,,,,,,,,VOLCANIC ROCK,,,,,WHOLE_ROCK [6595] ,,,,,,,,,,,,,,,,,,,,,,,,,,,,,,,,,,,,,,,,,,,,,,,,,,,,,,,,,,,,,,,,,,,,,,,,,,,,,,,,,,,,,,,,,,,,,,,,,,,,,,,,,,,,,,,,,,,,,,,,,,,0.703734,,18.954,,15.563,,38.836,,,,,,,,,,,,,,,154655,
[6595],OCEAN ISLAND,CAPE VERDE ISLANDS / FOGO / ATLANTIC OCEAN,UNIT 1995,14.9397,14.9397,-24.3611,-24.3611,SUBAERIAL,,,s F-08B(A) [6595],NOT GIVEN [6595],,,,,,,,,VOLCANIC ROCK,,,,,WHOLE_ROCK [6595] ,,,,,,,,,,,,,,,,,,,,,,,,,,,,,,,,,,,,,,,,,,,,,,,,,,,,,,,,,,,,,,,,,,,,,,,,,,,,,,,,,,,,,,,,,,,,,,,,,,,,,,,,,,,,,,,,,,,,,,,,,,,0.703734,,18.936,,15.56,,38.818,,,,,,,,,,,,,,,154656,
[6595],OCEAN ISLAND,CAPE VERDE ISLANDS / FOGO / ATLANTIC OCEAN,UNIT 1995,14.9397,14.9397,-24.3611,-24.3611,SUBAERIAL,,,s F-08B(B) [6595],NOT GIVEN [6595],,,,,,,,,VOLCANIC ROCK,,,,,WHOLE_ROCK [6595] ,,,,,,,,,,,,,,,,,,,,,,,,,,,,,,,,,,,,,,,,,,,,,,,,,,,,,,,,,,,,,,,,,,,,,,,,,,,,,,,,,,,,,,,,,,,,,,,,,,,,,,,,,,,,,,,,,,,,,,,,,,,,,18.937,,15.556,,38.81,,,,,,,,,,,,,,,154657,
[6595],OCEAN ISLAND,CAPE VERDE ISLANDS / FOGO / CALDERA STAGE / ATLANTIC OCEAN,CALDERA WALL,14.9942,14.9942,-24.3483,-24.3483,SUBAERIAL,,,s F-11(A) [6595],NOT GIVEN [6595],,,,,,,,,VOLCANIC ROCK,,,,,WHOLE_ROCK [6595] ,,,,,,,,,,,,,,,,,,,,,,,,,,,,,,,,,,,,,,,,,,,,,,,,,,,,,,,,,,,,,,,,,,,,,,,,,,,,,,,,,,,,,,,,,,,,,,,,,,,,,,,,,,,,,,,,,,,,,,,,,,,0.703665,,19.072,,15.567,,38.938,,,,,,,,,,,,,,,154659,
[6595],OCEAN ISLAND,CAPE VERDE ISLANDS / FOGO / CALDERA STAGE / ATLANTIC OCEAN,CALDERA WALL,14.9942,14.9942,-24.3483,-24.3483,SUBAERIAL,,,s F-11(B) [6595],NOT GIVEN [6595],,,,,,,,,VOLCANIC ROCK,,,,,WHOLE_ROCK [6595] ,,,,,,,,,,,,,,,,,,,,,,,,,,,,,,,,,,,,,,,,,,,,,,,,,,,,,,,,,,,,,,,,,,,,,,,,,,,,,,,,,,,,,,,,,,,,,,,,,,,,,,,,,,,,,,,,,,,,,,,,,,,,,19.081,,15.565,,38.957,,,,,,,,,,,,,,,154660,
[6595],OCEAN ISLAND,CAPE VERDE ISLANDS / FOGO / ATLANTIC OCEAN,UNIT 1785,14.9942,14.9942,-24.3483,-24.3483,SUBAERIAL,,,s F-12(A) [6595],NOT GIVEN [6595],,,,,,,,,VOLCANIC ROCK,,,,,WHOLE_ROCK [6595] ,,,,,,,,,,,,,,,,,,,,,,,,,,,,,,,,,,,,,,,,,,,,,,,,,,,,,,,,,,,,,,,,,,,,,,,,,,,,,,,,,,,,,,,,,,,,,,,,,,,,,,,,,,,,,,,,,,,,,,,,,,,0.703625,,19.144,,15.577,,38.974,,,,,,,,,,,,,,,154661,
[6595],OCEAN ISLAND,CAPE VERDE ISLANDS / FOGO / ATLANTIC OCEAN,UNIT 1785,14.9942,14.9942,-24.3483,-24.3483,SUBAERIAL,,,s F-12(B) [6595],NOT GIVEN [6595],,,,,,,,,VOLCANIC ROCK,,,,,WHOLE_ROCK [6595] ,,,,,,,,,,,,,,,,,,,,,,,,,,,,,,,,,,,,,,,,,,,,,,,,,,,,,,,,,,,,,,,,,,,,,,,,,,,,,,,,,,,,,,,,,,,,,,,,,,,,,,,,,,,,,,,,,,,,,,,,,,,,,19.139,,15.579,,38.973,,,,,,,,,,,,,,,154662,
[6595],OCEAN ISLAND,CAPE VERDE ISLANDS / FOGO / ATLANTIC OCEAN,UNIT 1785,14.9942,14.9942,-24.3483,-24.3483,SUBAERIAL,,,s F-12(C) [6595],NOT GIVEN [6595],,,,,,,,,VOLCANIC ROCK,,,,,WHOLE_ROCK [6595] ,,,,,,,,,,,,,,,,,,,,,,,,,,,,,,,,,,,,,,,,,,,,,,,,,,,,,,,,,,,,,,,,,,,,,,,,,,,,,,,,,,,,,,,,,,,,,,,,,,,,,,,,,,,,,,,,,,,,,,,,,,,,,19.145,,15.577,,38.978,,,,,,,,,,,,,,,154663,
[6595],OCEAN ISLAND,CAPE VERDE ISLANDS / FOGO / ATLANTIC OCEAN,UNIT 1951,14.9731,14.9731,-24.3783,-24.3783,SUBAERIAL,,,s F-15(A) [6595],NOT GIVEN [6595],,,,,,,,,VOLCANIC ROCK,,,,,WHOLE_ROCK [6595] ,,,,,,,,,,,,,,,,,,,,,,,,,,,,,,,,,,,,,,,,,,,,,,,,,,,,,,,,,,,,,,,,,,,,,,,,,,,,,,,,,,,,,,,,,,,,,,,,,,,,,,,,,,,,,,,,,,,,,,,,,,,0.703738,,18.923,,15.544,,38.783,,,,,,,,,,,,,,,154666,
[6595],OCEAN ISLAND,CAPE VERDE ISLANDS / SAO VICENTE / ATLANTIC OCEAN,MONTE JULIAO,16.85,16.85,-25,-25,SUBAERIAL,,,s SV-02_LEACHED [6595],NOT GIVEN [6595],,,,,,,,,VOLCANIC ROCK,,,,,WHOLE_ROCK [6595] ,,,,,,,,,,,,,,,,,,,,,,,,,,,,,,,,,,,,,,,,,,,,,,,,,,,,,,,,,,,,,,,,,,,,,,,,,,,,,,,,,,,,,,,,,,,,,,,,,,,,,,,,,,,,,,,,,,,,,,,,,,,0.703222,,,,,,,,,,,,,,,,,,,,,154672,
[6595],OCEAN ISLAND,CAPE VERDE ISLANDS / SAO VICENTE / ATLANTIC OCEAN,MONTE JULIAO,16.85,16.85,-25,-25,SUBAERIAL,,,s SV-03_LEACHED [6595],NOT GIVEN [6595],,,,,,,,,VOLCANIC ROCK,,,,,WHOLE_ROCK [6595] ,,,,,,,,,,,,,,,,,,,,,,,,,,,,,,,,,,,,,,,,,,,,,,,,,,,,,,,,,,,,,,,,,,,,,,,,,,,,,,,,,,,,,,,,,,,,,,,,,,,,,,,,,,,,,,,,,,,,,,,,,,,0.703161,,,,,,,,,,,,,,,,,,,,,154673,
[6595],OCEAN ISLAND,CAPE VERDE ISLANDS / SAO VICENTE / ATLANTIC OCEAN,MONTE JULIAO,16.85,16.85,-25,-25,SUBAERIAL,,,s SV-10_LEACHED [6595],NOT GIVEN [6595],,,,,,,,,VOLCANIC ROCK,,,,,WHOLE_ROCK [6595] ,,,,,,,,,,,,,,,,,,,,,,,,,,,,,,,,,,,,,,,,,,,,,,,,,,,,,,,,,,,,,,,,,,,,,,,,,,,,,,,,,,,,,,,,,,,,,,,,,,,,,,,,,,,,,,,,,,,,,,,,,,,0.703115,,,,,,,,,,,,,,,,,,,,,154674,
[6595],OCEAN ISLAND,CAPE VERDE ISLANDS / FOGO / ATLANTIC OCEAN,,14.9,14.9,-24.35,-24.35,SUBAERIAL,,,s F-05 [6595],NOT GIVEN [6595],,,,,,,,,VOLCANIC ROCK,,,,"HE4_HE3 from OLIVINE [6595], HE4_HE3(R/R(A)) from OLIVINE [6595]",MINERAL / COMPONENT (INCL. GROUNDMASS) [6595] ,,,,,,,,,,,,,,,,,,,,,,,,,,,,,,,,,,,,,,,,,,,,,,,,,,,,,,,,,,,,,,,,,,,,,,,,,,,,,,,,,,,,,,,,,,,,,,,,,,,,,,,,,,,,,,,,,,,,,,,,,,,,,,,,,,,,,,,,,,,,95955,7.53,,,154679,
[6595],OCEAN ISLAND,CAPE VERDE ISLANDS / FOGO / ATLANTIC OCEAN,,14.9,14.9,-24.35,-24.35,SUBAERIAL,,,s F-05 [6595],NOT GIVEN [6595],,,,,,,,,VOLCANIC ROCK,,,,"HE4_HE3 from CLINOPYROXENE [6595], HE4_HE3(R/R(A)) from CLINOPYROXENE [6595]",MINERAL / COMPONENT (INCL. GROUNDMASS) [6595] ,,,,,,,,,,,,,,,,,,,,,,,,,,,,,,,,,,,,,,,,,,,,,,,,,,,,,,,,,,,,,,,,,,,,,,,,,,,,,,,,,,,,,,,,,,,,,,,,,,,,,,,,,,,,,,,,,,,,,,,,,,,,,,,,,,,,,,,,,,,,84409,8.56,,,154680,
[6595],OCEAN ISLAND,CAPE VERDE ISLANDS / SANTIAGO / ATLANTIC OCEAN,,14.9,14.9,-24.3,-24.3,SUBAERIAL,,,s ST-02 [6595],NOT GIVEN [6595],,,,,,,,,VOLCANIC ROCK,,,,"HE4_HE3 from OLIVINE [6595], HE4_HE3(R/R(A)) from OLIVINE [6595]",MINERAL / COMPONENT (INCL. GROUNDMASS) [6595] ,,,,,,,,,,,,,,,,,,,,,,,,,,,,,,,,,,,,,,,,,,,,,,,,,,,,,,,,,,,,,,,,,,,,,,,,,,,,,,,,,,,,,,,,,,,,,,,,,,,,,,,,,,,,,,,,,,,,,,,,,,,,,,,,,,,,,,,,,,,,87719,8.24,,,154697,
[6595],OCEAN ISLAND,CAPE VERDE ISLANDS / SANTIAGO / ATLANTIC OCEAN,,14.9,14.9,-24.3,-24.3,SUBAERIAL,,,s ST-06 [6595],NOT GIVEN [6595],,,,,,,,,VOLCANIC ROCK,,,,"HE4_HE3 from OLIVINE [6595], HE4_HE3(R/R(A)) from OLIVINE [6595]",MINERAL / COMPONENT (INCL. GROUNDMASS) [6595] ,,,,,,,,,,,,,,,,,,,,,,,,,,,,,,,,,,,,,,,,,,,,,,,,,,,,,,,,,,,,,,,,,,,,,,,,,,,,,,,,,,,,,,,,,,,,,,,,,,,,,,,,,,,,,,,,,,,,,,,,,,,,,,,,,,,,,,,,,,,,24741,29.2,,,154698,
[6595],OCEAN ISLAND,CAPE VERDE ISLANDS / SANTIAGO / ATLANTIC OCEAN,,14.9,14.9,-24.3,-24.3,SUBAERIAL,,,s ST-06 [6595],NOT GIVEN [6595],,,,,,,,,VOLCANIC ROCK,,,,"HE4_HE3 from OLIVINE [6595], HE4_HE3(R/R(A)) from OLIVINE [6595]",MINERAL / COMPONENT (INCL. GROUNDMASS) [6595] ,,,,,,,,,,,,,,,,,,,,,,,,,,,,,,,,,,,,,,,,,,,,,,,,,,,,,,,,,,,,,,,,,,,,,,,,,,,,,,,,,,,,,,,,,,,,,,,,,,,,,,,,,,,,,,,,,,,,,,,,,,,,,,,,,,,,,,,,,,,,94327,7.66,,,154699,
[6595],OCEAN ISLAND,CAPE VERDE ISLANDS / SANTIAGO / ATLANTIC OCEAN,,14.9,14.9,-24.3,-24.3,SUBAERIAL,,,s ST-08 [6595],NOT GIVEN [6595],,,,,,,,,VOLCANIC ROCK,,,,"HE4_HE3 from OLIVINE [6595], HE4_HE3(R/R(A)) from OLIVINE [6595]",MINERAL / COMPONENT (INCL. GROUNDMASS) [6595] ,,,,,,,,,,,,,,,,,,,,,,,,,,,,,,,,,,,,,,,,,,,,,,,,,,,,,,,,,,,,,,,,,,,,,,,,,,,,,,,,,,,,,,,,,,,,,,,,,,,,,,,,,,,,,,,,,,,,,,,,,,,,,,,,,,,,,,,,,,,,113697,8.31,,,154700,
[6595],OCEAN ISLAND,CAPE VERDE ISLANDS / SANTIAGO / ATLANTIC OCEAN,,14.9,14.9,-24.3,-24.3,SUBAERIAL,,,s ST-09 [6595],NOT GIVEN [6595],,,,,,,,,VOLCANIC ROCK,,,,"HE4_HE3 from CLINOPYROXENE [6595], HE4_HE3(R/R(A)) from CLINOPYROXENE [6595]",MINERAL / COMPONENT (INCL. GROUNDMASS) [6595] ,,,,,,,,,,,,,,,,,,,,,,,,,,,,,,,,,,,,,,,,,,,,,,,,,,,,,,,,,,,,,,,,,,,,,,,,,,,,,,,,,,,,,,,,,,,,,,,,,,,,,,,,,,,,,,,,,,,,,,,,,,,,,,,,,,,,,,,,,,,,522824,1.38,,,154701,
[6595],OCEAN ISLAND,CAPE VERDE ISLANDS / SAO VICENTE / ATLANTIC OCEAN,MONTE JULIAO,16.85,16.85,-25,-25,SUBAERIAL,,,s SV-01 [6595],NOT GIVEN [6595],,,,,,,,,VOLCANIC ROCK,,,,"HE4_HE3 from OLIVINE [6595], HE4_HE3(R/R(A)) from OLIVINE [6595]",MINERAL / COMPONENT (INCL. GROUNDMASS) [6595] ,,,,,,,,,,,,,,,,,,,,,,,,,,,,,,,,,,,,,,,,,,,,,,,,,,,,,,,,,,,,,,,,,,,,,,,,,,,,,,,,,,,,,,,,,,,,,,,,,,,,,,,,,,,,,,,,,,,,,,,,,,,,,,,,,,,,,,,,,,,,79628,9.07,,,154702,
[6595],OCEAN ISLAND,CAPE VERDE ISLANDS / SAO VICENTE / ATLANTIC OCEAN,MONTE JULIAO,16.85,16.85,-25,-25,SUBAERIAL,,,s SV-01 [6595],NOT GIVEN [6595],,,,,,,,,VOLCANIC ROCK,,,,"HE4_HE3 from OLIVINE [6595], HE4_HE3(R/R(A)) from OLIVINE [6595]",MINERAL / COMPONENT (INCL. GROUNDMASS) [6595] ,,,,,,,,,,,,,,,,,,,,,,,,,,,,,,,,,,,,,,,,,,,,,,,,,,,,,,,,,,,,,,,,,,,,,,,,,,,,,,,,,,,,,,,,,,,,,,,,,,,,,,,,,,,,,,,,,,,,,,,,,,,,,,,,,,,,,,,,,,,,111970,6.45,,,154703,
[6595],OCEAN ISLAND,CAPE VERDE ISLANDS / SAO VICENTE / ATLANTIC OCEAN,MONTE JULIAO,16.85,16.85,-25,-25,SUBAERIAL,,,s SV-02 [6595],NOT GIVEN [6595],,,,,,,,,VOLCANIC ROCK,,,,"HE4_HE3 from OLIVINE [6595], HE4_HE3(R/R(A)) from OLIVINE [6595]",MINERAL / COMPONENT (INCL. GROUNDMASS) [6595] ,,,,,,,,,,,,,,,,,,,,,,,,,,,,,,,,,,,,,,,,,,,,,,,,,,,,,,,,,,,,,,,,,,,,,,,,,,,,,,,,,,,,,,,,,,,,,,,,,,,,,,,,,,,,,,,,,,,,,,,,,,,,,,,,,,,,,,,,,,,,72617,9.95,,,154704,
[6595],OCEAN ISLAND,CAPE VERDE ISLANDS / SAO VICENTE / ATLANTIC OCEAN,MONTE JULIAO,16.85,16.85,-25,-25,SUBAERIAL,,,s SV-02 [6595],NOT GIVEN [6595],,,,,,,,,VOLCANIC ROCK,,,,"HE4_HE3 from CLINOPYROXENE [6595], HE4_HE3(R/R(A)) from CLINOPYROXENE [6595]",MINERAL / COMPONENT (INCL. GROUNDMASS) [6595] ,,,,,,,,,,,,,,,,,,,,,,,,,,,,,,,,,,,,,,,,,,,,,,,,,,,,,,,,,,,,,,,,,,,,,,,,,,,,,,,,,,,,,,,,,,,,,,,,,,,,,,,,,,,,,,,,,,,,,,,,,,,,,,,,,,,,,,,,,,,,79663,9.07,,,154705,
[6595],OCEAN ISLAND,CAPE VERDE ISLANDS / SAO VICENTE / ATLANTIC OCEAN,MONTE JULIAO,16.85,16.85,-25,-25,SUBAERIAL,,,s SV-02 [6595],NOT GIVEN [6595],,,,,,,,,VOLCANIC ROCK,,,,"HE4_HE3 from CLINOPYROXENE [6595], HE4_HE3(R/R(A)) from CLINOPYROXENE [6595]",MINERAL / COMPONENT (INCL. GROUNDMASS) [6595] ,,,,,,,,,,,,,,,,,,,,,,,,,,,,,,,,,,,,,,,,,,,,,,,,,,,,,,,,,,,,,,,,,,,,,,,,,,,,,,,,,,,,,,,,,,,,,,,,,,,,,,,,,,,,,,,,,,,,,,,,,,,,,,,,,,,,,,,,,,,,73579,9.82,,,154706,
[6595],OCEAN ISLAND,CAPE VERDE ISLANDS / SAO VICENTE / ATLANTIC OCEAN,MONTE JULIAO,16.85,16.85,-25,-25,SUBAERIAL,,,s SV-03 [6595],NOT GIVEN [6595],,,,,,,,,VOLCANIC ROCK,,,,"HE4_HE3 from OLIVINE [6595], HE4_HE3(R/R(A)) from OLIVINE [6595]",MINERAL / COMPONENT (INCL. GROUNDMASS) [6595] ,,,,,,,,,,,,,,,,,,,,,,,,,,,,,,,,,,,,,,,,,,,,,,,,,,,,,,,,,,,,,,,,,,,,,,,,,,,,,,,,,,,,,,,,,,,,,,,,,,,,,,,,,,,,,,,,,,,,,,,,,,,,,,,,,,,,,,,,,,,,66717,10.83,,,154707,
[6595],OCEAN ISLAND,CAPE VERDE ISLANDS / SAO VICENTE / ATLANTIC OCEAN,MONTE JULIAO,16.85,16.85,-25,-25,SUBAERIAL,,,s SV-05 [6595],NOT GIVEN [6595],,,,,,,,,VOLCANIC ROCK,,,,"HE4_HE3 from OLIVINE [6595], HE4_HE3(R/R(A)) from OLIVINE [6595]",MINERAL / COMPONENT (INCL. GROUNDMASS) [6595] ,,,,,,,,,,,,,,,,,,,,,,,,,,,,,,,,,,,,,,,,,,,,,,,,,,,,,,,,,,,,,,,,,,,,,,,,,,,,,,,,,,,,,,,,,,,,,,,,,,,,,,,,,,,,,,,,,,,,,,,,,,,,,,,,,,,,,,,,,,,,67527,10.7,,,154708,
[6595],OCEAN ISLAND,CAPE VERDE ISLANDS / SAO VICENTE / ATLANTIC OCEAN,MONTE JULIAO,16.85,16.85,-25,-25,SUBAERIAL,,,s SV-05 [6595],NOT GIVEN [6595],,,,,,,,,VOLCANIC ROCK,,,,"HE4_HE3 from OLIVINE [6595], HE4_HE3(R/R(A)) from OLIVINE [6595]",MINERAL / COMPONENT (INCL. GROUNDMASS) [6595] ,,,,,,,,,,,,,,,,,,,,,,,,,,,,,,,,,,,,,,,,,,,,,,,,,,,,,,,,,,,,,,,,,,,,,,,,,,,,,,,,,,,,,,,,,,,,,,,,,,,,,,,,,,,,,,,,,,,,,,,,,,,,,,,,,,,,,,,,,,,,66840,10.81,,,154709,
[6595],OCEAN ISLAND,CAPE VERDE ISLANDS / SAO VICENTE / ATLANTIC OCEAN,MONTE JULIAO,16.85,16.85,-25,-25,SUBAERIAL,,,s SV-09 [6595],NOT GIVEN [6595],,,,,,,,,VOLCANIC ROCK,,,,"HE4_HE3 from OLIVINE [6595], HE4_HE3(R/R(A)) from OLIVINE [6595]",MINERAL / COMPONENT (INCL. GROUNDMASS) [6595] ,,,,,,,,,,,,,,,,,,,,,,,,,,,,,,,,,,,,,,,,,,,,,,,,,,,,,,,,,,,,,,,,,,,,,,,,,,,,,,,,,,,,,,,,,,,,,,,,,,,,,,,,,,,,,,,,,,,,,,,,,,,,,,,,,,,,,,,,,,,,65211,11.08,,,154710,
[6595],OCEAN ISLAND,CAPE VERDE ISLANDS / SAO VICENTE / ATLANTIC OCEAN,MONTE JULIAO,16.85,16.85,-25,-25,SUBAERIAL,,,s SV-10 [6595],NOT GIVEN [6595],,,,,,,,,VOLCANIC ROCK,,,,"HE4_HE3 from OLIVINE [6595], HE4_HE3(R/R(A)) from OLIVINE [6595]",MINERAL / COMPONENT (INCL. GROUNDMASS) [6595] ,,,,,,,,,,,,,,,,,,,,,,,,,,,,,,,,,,,,,,,,,,,,,,,,,,,,,,,,,,,,,,,,,,,,,,,,,,,,,,,,,,,,,,,,,,,,,,,,,,,,,,,,,,,,,,,,,,,,,,,,,,,,,,,,,,,,,,,,,,,,58887,12.27,,,154711,
[6595],OCEAN ISLAND,CAPE VERDE ISLANDS / SAO VICENTE / ATLANTIC OCEAN,MONTE JULIAO,16.85,16.85,-25,-25,SUBAERIAL,,,s SV-12 [6595],NOT GIVEN [6595],,,,,,,,,VOLCANIC ROCK,,,,"HE4_HE3 from OLIVINE [6595], HE4_HE3(R/R(A)) from OLIVINE [6595]",MINERAL / COMPONENT (INCL. GROUNDMASS) [6595] ,,,,,,,,,,,,,,,,,,,,,,,,,,,,,,,,,,,,,,,,,,,,,,,,,,,,,,,,,,,,,,,,,,,,,,,,,,,,,,,,,,,,,,,,,,,,,,,,,,,,,,,,,,,,,,,,,,,,,,,,,,,,,,,,,,,,,,,,,,,,85905,8.41,,,154712,
[6595],OCEAN ISLAND,CAPE VERDE ISLANDS / SAL / ATLANTIC OCEAN,,16.7,16.7,-23,-23,SUBAERIAL,,,s S-03 [6595],NOT GIVEN [6595],,,,,,,,,VOLCANIC ROCK,,,,"HE4_HE3 from OLIVINE [6595], HE4_HE3(R/R(A)) from OLIVINE [6595]",MINERAL / COMPONENT (INCL. GROUNDMASS) [6595] ,,,,,,,,,,,,,,,,,,,,,,,,,,,,,,,,,,,,,,,,,,,,,,,,,,,,,,,,,,,,,,,,,,,,,,,,,,,,,,,,,,,,,,,,,,,,,,,,,,,,,,,,,,,,,,,,,,,,,,,,,,,,,,,,,,,,,,,,,,,,75659,9.55,,,154721,
[6595],OCEAN ISLAND,CAPE VERDE ISLANDS / SAL / ATLANTIC OCEAN,,16.7,16.7,-23,-23,SUBAERIAL,,,s S-06 [6595],NOT GIVEN [6595],,,,,,,,,VOLCANIC ROCK,,,,"HE4_HE3 from OLIVINE [6595], HE4_HE3(R/R(A)) from OLIVINE [6595]",MINERAL / COMPONENT (INCL. GROUNDMASS) [6595] ,,,,,,,,,,,,,,,,,,,,,,,,,,,,,,,,,,,,,,,,,,,,,,,,,,,,,,,,,,,,,,,,,,,,,,,,,,,,,,,,,,,,,,,,,,,,,,,,,,,,,,,,,,,,,,,,,,,,,,,,,,,,,,,,,,,,,,,,,,,,103590,6.98,,,154722,
[6595],OCEAN ISLAND,CAPE VERDE ISLANDS / SAL / ATLANTIC OCEAN,,16.7,16.7,-23,-23,SUBAERIAL,,,s S-07 [6595],NOT GIVEN [6595],,,,,,,,,VOLCANIC ROCK,,,,"HE4_HE3 from OLIVINE [6595], HE4_HE3(R/R(A)) from OLIVINE [6595]",MINERAL / COMPONENT (INCL. GROUNDMASS) [6595] ,,,,,,,,,,,,,,,,,,,,,,,,,,,,,,,,,,,,,,,,,,,,,,,,,,,,,,,,,,,,,,,,,,,,,,,,,,,,,,,,,,,,,,,,,,,,,,,,,,,,,,,,,,,,,,,,,,,,,,,,,,,,,,,,,,,,,,,,,,,,72486,42.64,,,154723,
[6595],OCEAN ISLAND,CAPE VERDE ISLANDS / SAL / ATLANTIC OCEAN,,16.7,16.7,-23,-23,SUBAERIAL,,,s S-07 [6595],NOT GIVEN [6595],,,,,,,,,VOLCANIC ROCK,,,,"HE4_HE3 from OLIVINE [6595], HE4_HE3(R/R(A)) from OLIVINE [6595]",MINERAL / COMPONENT (INCL. GROUNDMASS) [6595] ,,,,,,,,,,,,,,,,,,,,,,,,,,,,,,,,,,,,,,,,,,,,,,,,,,,,,,,,,,,,,,,,,,,,,,,,,,,,,,,,,,,,,,,,,,,,,,,,,,,,,,,,,,,,,,,,,,,,,,,,,,,,,,,,,,,,,,,,,,,,74175,9.74,,,154724,
[6595],OCEAN ISLAND,CAPE VERDE ISLANDS / SAL / ATLANTIC OCEAN,,16.7,16.7,-23,-23,SUBAERIAL,,,s S-07 [6595],NOT GIVEN [6595],,,,,,,,,VOLCANIC ROCK,,,,"HE4_HE3 from OLIVINE [6595], HE4_HE3(R/R(A)) from OLIVINE [6595]",MINERAL / COMPONENT (INCL. GROUNDMASS) [6595] ,,,,,,,,,,,,,,,,,,,,,,,,,,,,,,,,,,,,,,,,,,,,,,,,,,,,,,,,,,,,,,,,,,,,,,,,,,,,,,,,,,,,,,,,,,,,,,,,,,,,,,,,,,,,,,,,,,,,,,,,,,,,,,,,,,,,,,,,,,,,72416,9.98,,,154725,
[3969],OCEAN ISLAND,CAPE VERDE ISLANDS / SAO VICENTE / ATLANTIC OCEAN,,16.85,16.85,-25,-25,SUBAERIAL,,,s VV3-1 [3969],"NEPHELINITE, OLIVINE [3969]",,,,,,,,FINE-GRAINED GROUNDMASS [3969] ,VOLCANIC ROCK,,,,,WHOLE_ROCK [3969] ,182206.163,24393.138,,58058.83470000001,,,,91177.29000000001,98557.12999999999,80626.44799999999,1471.4702,,11954.16,24407.0953,3753.2206,,,,,,,,,,,,,,,,,,,,,,,,,,,,,,,,,,,,,,,,,,,,,,,,,,,,,,,,,,,31,761,,,,,,,,,,,,,,,,462,60.1,121.6,,58.9,11.6,3.4,9.54,,6.1,,2.58,,1.99,0.263,,,,,,,,,,,,,,,,,,,,,,,,,,,,,,,,,,,,,,,194071,
[3969],OCEAN ISLAND,CAPE VERDE ISLANDS / SAO VICENTE / ATLANTIC OCEAN,,16.85,16.85,-25,-25,SUBAERIAL,,,s VA43-1 [3969],TEPHRITE [3969],,,,,,,,FINE-GRAINED GROUNDMASS [3969] ,VOLCANIC ROCK,,,,,WHOLE_ROCK [3969] ,200015.4365,25531.884,,78170.3727,,87215.18000000001,,,84406.07,29729.871999999996,2168.4824000000003,,14527.625,41024.6921,6153.536099999999,,,,,,,,,,,,,,,,,,,,,,,,,,,,,,,,,,,,,,,,,,,,,,,,,,,,,,,,,,,51,2060,,,,,,,,,,,,,,,,954,128.7,261,,114.3,20,5.75,15.3,,9.78,,4.36,,3.56,0.484,,,,,,,,,,,,,,,,,,,,,,,,,,,,,,,,,,,,,,,194077,
[7508],OCEAN ISLAND,CAPE VERDE ISLANDS / FOGO / PRE-CALDERA STAGE / ATLANTIC OCEAN,,14.0147,14.0147,-24.4717,-24.4717,SUBAERIAL,,,s F-20B [7508],NOT GIVEN [7508],,,,,,,,,VOLCANIC ROCK,,,,,WHOLE_ROCK [7508] ,,,,,,,,,,,,,,,,,,,,,,,,,,,,,,,,,,,,,,,,,,,,,,,,,,,,,,,,,,,,,,,,,,,,,,,,,,,,,,,,,,,,,,,,,,,,,,,,,,,,,,,,,,,,,,0.00001206,,,,,,,,,,,,,,,,,,,,,,,,0.1343,,,,,,,,,,195535,
[7508],OCEAN ISLAND,CAPE VERDE ISLANDS / FOGO / ATLANTIC OCEAN,UNIT 1785,14.9942,14.9942,-24.3483,-24.3483,SUBAERIAL,,,s F-12 [7508],NOT GIVEN [7508],,,,,,,,,VOLCANIC ROCK,,,,,WHOLE_ROCK [7508] ,193938.7815,22595.118,,80922.4779,,,,92965.08,82905.2,37267.871999999996,1626.3618,,23991.335000000003,31974.036699999997,3796.8627,,,,,,,,,,,,,,,,,,,,,,,,,,,,,,,,,,,,,,,,,,,,,,321,63,,,40.4,49,71,135,23.4,,,,,62.4,1092,29.4,342,91.4,,,,,,,,,,,,0.7,877,61.1,130.1,15.8,62.5,11.74,3.65,9.22,1.26,6.68,1.07,2.71,0.35,2.06,0.32,7.53,7.15,,0.000456,0.00001632,,,,,,3.9,,5.24,1.27,0.512758,,,,,,,,,,,,,,0.1347,,134,,,,,,,,195539,
[7508],OCEAN ISLAND,CAPE VERDE ISLANDS / FOGO / ATLANTIC OCEAN,UNIT 1847,14.9565,14.9565,-24.2939,-24.2939,SUBAERIAL,,,s F-24B [7508],NOT GIVEN [7508],,,,,,,,,VOLCANIC ROCK,,,,,WHOLE_ROCK [7508] ,,,,,,,,,,,,,,,,,,,,,,,,,,,,,,,,,,,,,,,,,,,,,,,,,,,,,,,,,,,,,,,,,,,,,,,,,,,,,,,,,,,,,,,,,,,,,,,,,,,,,,,,,,,,,0.000553,0.0000189,,,,,,,,,,,,,,,,,,,,,,,,0.1328,,141.1,,,,,,,,195541,
[7508],OCEAN ISLAND,CAPE VERDE ISLANDS / FOGO / ATLANTIC OCEAN,UNIT 1951,14.9156,14.9156,-24.3397,-24.3397,SUBAERIAL,,,s F-07B [7508],NOT GIVEN [7508],,,,,,,,,VOLCANIC ROCK,,,,,WHOLE_ROCK [7508] ,,,,,,,,,,,,,,,,,,,,,,,,,,,,,,,,,,,,,,,,,,,,,,,,,,,,,,,,,,,,,,,,,,,,,,,,,,,,,,,,,,,,,,,,,,,,,,,,,,,,,,,,,,,,,0.000543,6.79e-6,,,,,,,,,,,,,,,,,,,,,,,,0.1349,,368.7,,,,,,,,195545,
[7508],OCEAN ISLAND,CAPE VERDE ISLANDS / FOGO / ATLANTIC OCEAN,,14.9,14.9,-24.35,-24.35,SUBAERIAL,,,s NF43 [7508],CARBONATITE [7508],,,,,,,,,PLUTONIC ROCK,,,,,WHOLE_ROCK [7508] ,,,,,,,,,,,,,,,,,,,,,,,,,,,,,,,,,,,,,,,,,,,,,,,,,,,,,,,,,,,,,,,,,,,,,,,,,,,,,,,,,,,,,,,,,,,,,,,,,,,,,,,,,,,,,0.001623,0.00002287,,,,,,,,,,0.51293,,,0.703156,,19.865,,15.604,,39.208,,,,,0.1924,,343.1,,,,,,,,195552,
[7508],OCEAN ISLAND,CAPE VERDE ISLANDS / FOGO / ATLANTIC OCEAN,,14.9,14.9,-24.35,-24.35,SUBAERIAL,,,s NF44 [7508],CARBONATITE [7508],,,,,,,,,PLUTONIC ROCK,,,,,WHOLE_ROCK [7508] ,,,,,,,,,,,,,,,,,,,,,,,,,,,,,,,,,,,,,,,,,,,,,,,,,,,,,,,,,,,,,,,,,,,,,,,,,,,,,,,,,,,,,,,,,,,,,,,,,,,,,,,,,,,,,0.000481,0.0000126,,,,,,,,,,0.512926,,,0.703158,,19.866,,15.597,,39.189,,,,,0.1839,,184.4,,,,,,,,195553,
[14859][14149],OCEAN ISLAND,CAPE VERDE ISLANDS / SANTIAGO / ATLANTIC OCEAN,RIBEIRA DE BARCA COMPLEX,14.9,14.9,-24.3,-24.3,SUBAERIAL,,,s S-309 [14859],CARBONATITE [14859] / SOVITE [14149],9000000 [14859],9000000 [14859],,MIOCENE [14859],,,,,PLUTONIC ROCK,,,,"HE3_HE4(R/R(A)) from APATITE [14149], HE4_HE3 from APATITE [14149]",WHOLE_ROCK [14859] / MINERAL / COMPONENT (INCL. GROUNDMASS) [14149] ,19258.322000000004,2822.8913999999995,,1852.3785,,,,32646.600000000002,348916.54,11397.455999999998,2052.3137,,1079.195,2299.7567,39016.0374,,,,,,,,,,,,,,,,292600.,,,,,,,,,,,,,,,,,,,,,,,,,,,,,,,,,,,,,,,,,,,8,8568,169,539,69.1,,,,,,,,,,,,,337,517,1170,142,583,101,28.2,79.7,9,39.4,6.07,14.9,1.85,9.92,1.18,0.6,,,,,,,,,,,,38.9,30.6,0.512902,,,0.703184,,,,,,,,,,,,,,,,1.69,428000,,,,20657-S-309,
[14859][14149],OCEAN ISLAND,CAPE VERDE ISLANDS / SANTIAGO / ATLANTIC OCEAN,RIBEIRA DE BARCA COMPLEX,14.9,14.9,-24.3,-24.3,SUBAERIAL,,,s S-311 [14859],CARBONATITE [14859] / SOVITE [14149],9000000 [14859],9000000 [14859],,MIOCENE [14859],,,,,PLUTONIC ROCK,,,,"HE3_HE4(R/R(A)) from APATITE [14149], HE4_HE3 from APATITE [14149]",WHOLE_ROCK [14859] / MINERAL / COMPONENT (INCL. GROUNDMASS) [14149] ,3926.454,479.472,,582.1761,,,,18499.739999999998,385366.24,2291.5519999999997,2408.56438,,664.12,1186.9712,10430.4619,,,,,,,,,,,,,,,,395600.,,,,,,,,,,,,,,,,,,,,,,,,,,,,,,,,,,,,,,,,,,,5,,119,33,255,,,,,,,,,,,,,878,445,789,79.9,284,44.4,13.1,36.1,4.6,22.2,3.97,10.7,1.47,8.76,1.14,0.5,,,,,,,,,,,,10.6,115,0.51289,,,0.70321,,,,,,,,,,,,,,,,0.6,798000,,,,20657-S-311,
[14859],OCEAN ISLAND,CAPE VERDE ISLANDS / SANTIAGO / ATLANTIC OCEAN,RIBEIRA DE BARCA COMPLEX,14.9,14.9,-24.3,-24.3,SUBAERIAL,,,s S-339 [14859],CARBONATITE [14859],9000000 [14859],9000000 [14859],,MIOCENE [14859],,,,,PLUTONIC ROCK,,,,,WHOLE_ROCK [14859] ,16593.9425,77.9142,,317.5506,,,,16245.57,238280.98,94677.27999999998,4724.1938,,415.07500000000005,667.6713,218.21050000000002,,,,,,,,,,,,,,,,429600.,,,,,,,,,,,,,,,,,,,,,,,,,,,,,,,,,,,,,,,,,,,0,875,63.3,94,130,,,,,,,,,,,,,4073,1160,1970,200,725,103,27.1,64,5.21,16.5,2.53,6.66,1.03,6.42,0.868,0.9,,,,,,,,,,,,14.1,2.36,0.512895,,,0.703599,,,,,,,,,,,,,,,,,,,,,20657-S-339,
[14859][14149],OCEAN ISLAND,CAPE VERDE ISLANDS / SANTIAGO / ATLANTIC OCEAN,RIBEIRA DE BARCA COMPLEX,14.9,14.9,-24.3,-24.3,SUBAERIAL,,,s S-352 [14859],CARBONATITE [14859] / SOVITE [14149],9000000 [14859],9000000 [14859],,MIOCENE [14859],,,,,PLUTONIC ROCK,,,,"HE3_HE4(R/R(A)) from APATITE [14149], HE4_HE3 from APATITE [14149]",WHOLE_ROCK [14859] / MINERAL / COMPONENT (INCL. GROUNDMASS) [14149] ,2664.3795,635.3004,,317.5506,,,,11348.58,373430.75,3497.6319999999996,1610.8726399999998,,581.105,667.6713,5237.052,,,,,,,,,,,,,,,,414300.,,,,,,,,,,,,,,,,,,,,,,,,,,,,,,,,,,,,,,,,,,,0,,127,111,47.2,,,,,,,,,,,,,342,364,768,87.5,337,55.5,15.9,43.9,5.32,24.7,4.05,10.8,1.41,8.01,1.06,0.8,,,,,,,,,,,,9.03,6.28,0.512905,,,0.703196,,,,,,,,,,,,,,,,0.68,512000,,,,20657-S-352,
[14859],OCEAN ISLAND,CAPE VERDE ISLANDS / SANTIAGO / ATLANTIC OCEAN,RIBEIRA DE BARCA COMPLEX,14.9,14.9,-24.3,-24.3,SUBAERIAL,,,s S-569 [14859],CARBONATITE [14859],9000000 [14859],9000000 [14859],,MIOCENE [14859],,,,,PLUTONIC ROCK,,,,,WHOLE_ROCK [14859] ,5796.194,71.9208,,476.3259,,,,4430.61,389654.44,3316.7200000000003,1936.145,,0.,1186.9712,2705.8102,,,,,,,,,,,,,,,,419099.99999999994,,,,,,,,,,,,,,,,,,,,,,,,,,,,,,,,,,,,,,,,,,,0,,129,22,7.5,,,,,,,,,,,,,1284,461,842,90,338,52.8,15.9,43.8,5.3,25.1,4.18,11.1,1.48,8.83,1.2,0.5,,,,,,,,,,,,4.2,1.3,0.512896,,,0.703191,,,,,,,,,,,,,,,,,,,,,20657-S-369,
[8504],OCEAN ISLAND,CAPE VERDE ISLANDS / SAO ANTAO / OLDER VOLCANICS (SAO ANTAO) / ATLANTIC OCEAN,,17,17,-25,-25,SUBAERIAL,,,s 106454 [8504],BASANITE [8504],2000000 [8504],7500000 [8504],,,,,,,VOLCANIC ROCK,,,,,WHOLE_ROCK [8504] ,200950.30650000004,20017.956,,45515.586,,33850.96,58064.31,91954.59,93339.82,105290.784,1316.5786,,3652.66,7566.9414,1832.9682,,,,,,,,,,,,,,,,33700.,,,,,,,,,,,,,,,,,,,,,,,,,,,,35,,306,1237,,,75,494,45,97,16,,,,,15,485,21,192,44,,,,,,,,,,,,,284,29,66,,36,,,,,,,,,,,,,,,,,,,,,5,,4.5,,0.512895,,,0.703275,,19.811,,15.622,,39.56,,,,,,,,,,,,,,,223554,
[8504],OCEAN ISLAND,CAPE VERDE ISLANDS / SAO ANTAO / OLDER VOLCANICS (SAO ANTAO) / ATLANTIC OCEAN,,17,17,-25,-25,SUBAERIAL,,,s 111753 [8504],BASANITE [8504],2000000 [8504],7500000 [8504],,,,,,,VOLCANIC ROCK,,,,,WHOLE_ROCK [8504] ,198846.84900000002,18879.21,,42551.780399999996,,37417.899999999994,47259.840000000004,84725.7,104489.14,100888.59199999999,1394.0244,,3071.555,12834.1261,2443.9576,,,,,,,,,,,,,,,,6800.000000000001,,,,,,,,,,,,,,,,,,,,,,,,,,,,46,,296,1134,,,72,427,56,111,18,,,,,13,673,25,198,63,,,,,,,,,,,,,416,52,108,,54,9,3,,1.1,,,,,1.8,0.23,6,3.7,,,,,,,,,2.27,,3.6,1.2,0.512856,,,0.703267,,19.652,,15.595,,39.366,,,,,,,,,,,,,,,223555,
[8504],OCEAN ISLAND,CAPE VERDE ISLANDS / SAO ANTAO / OLDER VOLCANICS (SAO ANTAO) / ATLANTIC OCEAN,,17,17,-25,-25,SUBAERIAL,,,s 109965 [8504],BASANITE [8504],2000000 [8504],7500000 [8504],,,,,,,VOLCANIC ROCK,,,,,WHOLE_ROCK [8504] ,198239.1835,17920.266,,41387.4282,,92110.98,10882.199999999999,94053.3,104489.14,94315.45599999999,1471.4702,,4565.825000000001,7492.7557,2836.7365,,,,,,,,,,,,,,,,74200.,,,,,,,,,,,,,,,,,,,,,,,,,,,,28,,212,914,,,87,572,104,106,16,,,,,10,616,24,193,57,,,,,,,,,,,,,449,43,95,,46,,,,,,,,,,,,,,,,,,,,,1,,,,0.512818,,,0.703318,,19.59,,15.585,,39.307,,,,,,,,,,,,,,,223556,
[8504],OCEAN ISLAND,CAPE VERDE ISLANDS / SAO ANTAO / OLDER VOLCANICS (SAO ANTAO) / ATLANTIC OCEAN,,17,17,-25,-25,SUBAERIAL,,,s 109564 [8504],BASANITE [8504],2000000 [8504],7500000 [8504],,,,,,,VOLCANIC ROCK,,,,,WHOLE_ROCK [8504] ,203895.147,22954.721999999998,,56682.782100000004,,34340.54,56509.71,90866.37,93625.7,73450.272,1394.0244,,4731.855,19139.9106,2574.8839,,,,,,,,,,,,,,,,23200.,,,,,,,,,,,,,,,,,,,,,,,,,,,,34,,341,766,,,77,365,76,115,20,,,,,28,733,26,239,63,,,,,,,,,,,,0.4,386,42,88,,48,0,2.75,,1.2,,,,,,0.18,6,3.92,,,,,,,,,3,,3,,,,,,,19.544,,15.583,,39.225,,,,,,,,,,,,,,,223557,
[8504],OCEAN ISLAND,CAPE VERDE ISLANDS / SAO ANTAO / OLDER VOLCANICS (SAO ANTAO) / ATLANTIC OCEAN,,17,17,-25,-25,SUBAERIAL,,,s 111750 [8504],BASANITE [8504],2000000 [8504],7500000 [8504],,,,,,,VOLCANIC ROCK,,,,,WHOLE_ROCK [8504] ,199921.94950000002,24273.269999999997,,63563.0451,,35389.64,58608.42,93975.56999999999,83905.78,73389.968,1548.9160000000002,,9380.695,16691.7825,2705.8102,,,,,,,,,,,,,,,,9100.,,,,,,,,,,,,,,,,,,,,,,,,,,,,30,,371,695,,,68,315,59,97,20,,,,,29,806,29,278,74,,,,,,,,,,,,,595,46,105,,53,9,3,,1.3,,,,,1.9,0.31,7,4.7,,,,,,,,,2.25,,4,0.9,0.512898,,,0.703262,,19.688,,15.594,,39.438,,,,,,,,,,,,,,,223558,
[8504],OCEAN ISLAND,CAPE VERDE ISLANDS / SAO ANTAO / OLDER VOLCANICS (SAO ANTAO) / ATLANTIC OCEAN,,17,17,-25,-25,SUBAERIAL,,,s 111757 [8504],BASANITE [8504],2000000 [8504],7500000 [8504],,,,,,,VOLCANIC ROCK,,,,,WHOLE_ROCK [8504] ,195434.57350000003,26191.158,,62186.9925,,25807.86,72755.28,98561.64,86836.05,73269.36,1548.9160000000002,,4648.84,23665.238299999997,3142.2311999999997,,,,,,,,,,,,,,,,9400.,,,,,,,,,,,,,,,,,,,,,,,,,,,,30,,375,639,,,60,296,103,119,20,,,,,19,863,31,307,80,,,,,,,,,,,,,521,51,114,,58,11,3.3,,1.4,,,,,2.1,0.29,7,4.7,,,,,,,,,2.54,,5,1,0.51289,,,0.703207,,19.692,,15.598,,39.402,,,,,,,,,,,,,,,223560,
[8504],OCEAN ISLAND,CAPE VERDE ISLANDS / SAO ANTAO / OLDER VOLCANICS (SAO ANTAO) / ATLANTIC OCEAN,,17,17,-25,-25,SUBAERIAL,,,s 111822 [8504],BASANITE [8504],2000000 [8504],7500000 [8504],,,,,,,VOLCANIC ROCK,,,,,WHOLE_ROCK [8504] ,204970.24750000003,22714.985999999997,,66791.4762,,34410.479999999996,60396.21,94752.87,92625.12000000001,57650.623999999996,1471.4702,,10293.86,15801.5541,2531.2418,,,,,,,,,,,,,,,,9700.,,,,,,,,,,,,,,,,,,,,,,,,,,,,30,,395,401,,,52,201,95,143,22,,,,,28,844,30,263,68,,,,,,,,,,,,0.22,441,49,103,12.04,52,10.06,3.01,9.73,1.29,6.68,1.08,2.92,0.35,2.14,0.29,6.77,3.37,,,,,,,,,2.59,,5,1.1,0.512861,,,0.703276,,19.566,,15.6,,39.272,,,,,,,,,,,,,,,223561,
[8504],OCEAN ISLAND,CAPE VERDE ISLANDS / SAO ANTAO / OLDER VOLCANICS (SAO ANTAO) / ATLANTIC OCEAN,,17,17,-25,-25,SUBAERIAL,,,s 111762 [8504],BASANITE [8504],2000000 [8504],7500000 [8504],,,,,,,VOLCANIC ROCK,,,,,WHOLE_ROCK [8504] ,196649.9045,25891.488,,66315.1503,,32871.8,63816.33000000001,96696.12,102845.33,55419.376,1548.9160000000002,,8301.5,17211.0824,3535.0101000000004,,,,,,,,,,,,,,,,11700.,,,,,,,,,,,,,,,,,,,,,,,,,,,,33,,397,356,,,52,160,96,109,24,,,,,24,919,34,343,79,,,,,,,,,,,,,464,58,125,,65,,,,,,,,,,,,,,,,,,,,,3,,6.3,,,,,,,19.789,,15.599,,39.505,,,,,,,,,,,,,,,223562,
[8504],OCEAN ISLAND,CAPE VERDE ISLANDS / SAO ANTAO / OLDER VOLCANICS (SAO ANTAO) / ATLANTIC OCEAN,,17,17,-25,-25,SUBAERIAL,,,s 111756 [8504],BASANITE [8504],2000000 [8504],7500000 [8504],,,,,,,VOLCANIC ROCK,,,,,WHOLE_ROCK [8504] ,211093.646,21216.636,,69226.03080000001,,36858.38,49824.93,86668.95,92982.47,53610.256,1394.0244,,11290.04,17507.8252,2269.3892,,,,,,,,,,,,,,,,12100.,,,,,,,,,,,,,,,,,,,,,,,,,,,,33,,331,372,,,50,136,96,133,,,,,,26,705,25,226,61,,,,,,,,,,,,,429,40,85,,44,10,2.7,,1.3,,,,,2,0.26,6,3.6,,,,,,,,,2.03,,5,1.2,0.512901,,,0.703168,,19.566,,15.583,,39.275,,,,,,,,,,,,,,,223563,
[8504],OCEAN ISLAND,CAPE VERDE ISLANDS / SAO ANTAO / OLDER VOLCANICS (SAO ANTAO) / ATLANTIC OCEAN,,17,17,-25,-25,SUBAERIAL,,,s 111748 [8504],BASANITE [8504],2000000 [8504],7500000 [8504],,,,,,,VOLCANIC ROCK,,,,,WHOLE_ROCK [8504] ,204502.81250000003,25112.346,,70443.30810000001,,31333.120000000003,64127.25,95452.43999999999,94411.87000000001,51861.439999999995,1471.4702,,5728.035,19807.581899999997,2531.2418,,,,,,,,,,,,,,,,12000.,,,,,,,,,,,,,,,,,,,,,,,,,,,,29,,416,273,,,54,146,71,141,,,,,,27,798,32,320,74,,,,,,,,,,,,,420,45,102,,55,11,3.1,,1.3,,,,,2.4,0.34,8,4.7,,,,,,,,,1.94,,4,1,0.512869,,,0.703259,,19.842,,15.606,,39.595,,,,,,,,,,,,,,,223564,
[8504],OCEAN ISLAND,CAPE VERDE ISLANDS / SAO ANTAO / OLDER VOLCANICS (SAO ANTAO) / ATLANTIC OCEAN,,17,17,-25,-25,SUBAERIAL,,,s 111751 [8504],BASANITE [8504],2000000 [8504],7500000 [8504],,,,,,,VOLCANIC ROCK,,,,,WHOLE_ROCK [8504] ,201090.53700000004,29487.528,,76529.6946,,33781.020000000004,61484.43,95296.98,90552.49,42695.231999999996,1548.9160000000002,,9380.695,20030.139,4145.9995,,,,,,,,,,,,,,,,17100.,,,,,,,,,,,,,,,,,,,,,,,,,,,,29,,429,97,,,46,72,40,127,,,,,,29,1145,39,412,114,,,,,,,,,,,,,667,78,162,,80,17,4.9,,2.1,,,,,3.3,0.44,11,7.7,,,,,,,,,4.38,,9,1.9,0.512862,,,0.703277,,19.818,,15.601,,39.555,,,,,,,,,,,,,,,223565,
[8504],OCEAN ISLAND,CAPE VERDE ISLANDS / SAO ANTAO / OLDER VOLCANICS (SAO ANTAO) / ATLANTIC OCEAN,,17,17,-25,-25,SUBAERIAL,,,s 114531 [8504],BASANITE [8504],2000000 [8504],7500000 [8504],,,,,,,VOLCANIC ROCK,,,,,WHOLE_ROCK [8504] ,204315.8385,26490.827999999998,,80022.7512,,36019.100000000006,50524.5,86591.22,83977.25,37207.568,1703.8076,,9629.74,31306.365399999995,5193.4099,,,,,,,,,,,,,,,,29600.,,,,,,,,,,,,,,,,,,,,,,,,,,,,12,,310,129,,,40,63,62,138,23,,,,,37,1400,41,420,122,,,,,,,,,,,,0.56,794,95,190,20.27,93,14.62,4.33,14.09,1.8,9.16,1.44,3.94,0.48,2.89,0.39,9.54,5.68,,,,,,,,,5.96,,10.1,2.5,0.512867,,,0.703256,,19.451,,15.616,,39.142,,,,,,,,,,,,,,,223566,
[8504],OCEAN ISLAND,CAPE VERDE ISLANDS / SAO ANTAO / OLDER VOLCANICS (SAO ANTAO) / ATLANTIC OCEAN,,17,17,-25,-25,SUBAERIAL,,,s 111745 [8504],BASANITE [8504],2000000 [8504],7500000 [8504],,,,,,,VOLCANIC ROCK,,,,,WHOLE_ROCK [8504] ,211140.38950000002,28168.98,,77429.4213,,33291.439999999995,63583.14,96851.58,82619.32,35519.056,1471.4702,,13448.43,20104.324699999997,3185.8732999999997,,,,,,,,,,,,,,,,7000.,,,,,,,,,,,,,,,,,,,,,,,,,,,,24,,472,26,,,47,52,97,133,,,,,,33,888,33,327,82,,,,,,,,,,,,,523,58,125,,65,12,3.6,,1.5,,,,,2.5,0.33,8,5.1,,,,,,,,,2.2,,6,1.3,,,,,,19.834,,15.597,,39.569,,,,,,,,,,,,,,,223567,
[8504],OCEAN ISLAND,CAPE VERDE ISLANDS / SAO ANTAO / OLDER VOLCANICS (SAO ANTAO) / ATLANTIC OCEAN,,17,17,-25,-25,SUBAERIAL,,,s 109521 [8504],BASANITE [8504],2000000 [8504],7500000 [8504],,,,,,,VOLCANIC ROCK,,,,,WHOLE_ROCK [8504] ,203848.40350000001,29127.924,,77482.34640000001,,66303.12000000001,27671.88,94053.3,87336.34000000001,35096.928,1239.1328,,10542.905,19214.096299999997,3665.9364,,,,,,,,,,,,,,,,20400.,,,,,,,,,,,,,,,,,,,,,,,,,,,,23,,407,36,,,58,70,93,119,26,,,,,39,1053,34,363,104,,,,,,,,,,,,0.61,606,69,141,15.95,71,12.31,3.63,11.94,1.55,7.7,1.24,3.33,0.38,2.31,0.32,8.77,5.09,,,,,,,,,3.32,,7.3,1.5,,,,0.703178,,19.568,,15.575,,39.22,,,,,,,,,,,,,,,223568,
[8504],OCEAN ISLAND,CAPE VERDE ISLANDS / SAO ANTAO / OLDER VOLCANICS (SAO ANTAO) / ATLANTIC OCEAN,,17,17,-25,-25,SUBAERIAL,,,s 109957 [8504],BASANITE [8504],2000000 [8504],7500000 [8504],,,,,,,VOLCANIC ROCK,,,,,WHOLE_ROCK [8504] ,203193.9945,28828.253999999997,,82139.7552,,31612.879999999997,54411,86047.11,83619.9,32262.639999999996,1703.8076,,17765.210000000003,26410.1092,4364.21,,,,,,,,,,,,,,,,24400.,,,,,,,,,,,,,,,,,,,,,,,,,,,,9,,314,16,,,55,33,50,134,29,,,,,44,1427,39,376,121,,,,,,,,,,,,,849,76,168,,78,,,,,,,,,,,,,,,,,,,,,5,,7.2,,,,,0.7032,,,,,,,,,,,,,,,,,,,,,223569,
[8504],OCEAN ISLAND,CAPE VERDE ISLANDS / SAO ANTAO / OLDER VOLCANICS (SAO ANTAO) / ATLANTIC OCEAN,,17,17,-25,-25,SUBAERIAL,,,s 109527 [8504],BASANITE [8504],2000000 [8504],7500000 [8504],,,,,,,VOLCANIC ROCK,,,,,WHOLE_ROCK [8504] ,208662.98400000003,25771.62,,83092.407,,47629.14,34201.200000000004,81849.68999999999,78759.94,31538.992000000002,1626.3618,,10210.845,32048.222400000002,5193.4099,,,,,,,,,,,,,,,,22200.000000000004,,,,,,,,,,,,,,,,,,,,,,,,,,,,13,,333,51,,,44,38,41,119,26,,,,,33,1404,39,469,140,,,,,,,,,,,,1.25,807,86,170,19.87,83,13.75,4.12,13.47,1.7,8.58,1.39,3.74,0.45,2.72,0.39,10.16,6.62,,,,,,,,,4.63,,10.4,2.2,0.512923,,,0.703213,,19.561,,15.597,,39.233,,,,,,,,,,,,,,,223570,
[8504],OCEAN ISLAND,CAPE VERDE ISLANDS / SAO ANTAO / OLDER VOLCANICS (SAO ANTAO) / ATLANTIC OCEAN,,17,17,-25,-25,SUBAERIAL,,,s 109962 [8504],BASANITE [8504],2000000 [8504],7500000 [8504],,,,,,,VOLCANIC ROCK,,,,,WHOLE_ROCK [8504] ,213711.282,26910.365999999998,,85738.662,,33081.62,44150.64,77263.62,78902.87999999999,29669.568,1548.9160000000002,,10293.86,32715.8937,5237.052,,,,,,,,,,,,,,,,34200.,,,,,,,,,,,,,,,,,,,,,,,,,,,,11,,308,19,,,41,35,19,122,28,,,,,58,1351,41,459,131,,,,,,,,,,,,0.88,728,80,173,19.81,82,14.31,4.22,13.97,1.81,9.14,1.45,3.89,0.47,2.88,0.4,10.52,6.49,,,,,,,,,4.09,,9.1,2.4,0.512894,,,0.703045,,19.675,,15.592,,39.381,,,,,,,,,,,,,,,223571,
[8504],OCEAN ISLAND,CAPE VERDE ISLANDS / SAO ANTAO / OLDER VOLCANICS (SAO ANTAO) / ATLANTIC OCEAN,,17,17,-25,-25,SUBAERIAL,,,s 106453 [8504],BASANITE [8504],2000000 [8504],7500000 [8504],,,,,,,VOLCANIC ROCK,,,,,WHOLE_ROCK [8504] ,205951.86100000003,25352.082000000002,,88914.168,,39865.8,36844.020000000004,74076.68999999999,86621.64,28885.615999999998,1781.2534,,8052.455,32938.4508,5978.9677,,,,,,,,,,,,,,,,41600.,,,,,,,,,,,,,,,,,,,,,,,,,,,,3,,,,,,28,6,28,143,,,,,,68,1461,45,461,169,,,,,,,,,,,,,1024,106,211,,94,,,,,,,,,,,,,,,,,,,,,7,,13.8,,0.51292,,,0.703174,,19.658,,15.573,,39.236,,,,,,,,,,,,,,,223572,
[8504],OCEAN ISLAND,CAPE VERDE ISLANDS / SAO ANTAO / OLDER VOLCANICS (SAO ANTAO) / ATLANTIC OCEAN,,17,17,-25,-25,SUBAERIAL,,,s 109952 [8504],BASANITE [8504],2000000 [8504],7500000 [8504],,,,,,,VOLCANIC ROCK,,,,,WHOLE_ROCK [8504] ,229183.38050000003,20677.23,,96482.45730000001,,44341.96,21220.29,65604.12,61392.729999999996,22010.96,1394.0244,,21334.855,29748.465699999997,3665.9364,,,,,,,,,,,,,,,,31400.,,,,,,,,,,,,,,,,,,,,,,,,,,,,6,,241,15,,,39,13,81,134,30,,,,,90,1731,44,590,176,,,,,,,,,,,,0.79,1436,103,206,21.86,91,14.59,4.3,14.7,1.85,9.31,1.52,4.19,0.52,3.24,0.45,12.27,7.89,,,,,,,,,6.17,,12.3,2.9,0.512884,,,0.703184,,19.776,,15.586,,39.416,,,,,,,,,,,,,,,223573,
[8504],OCEAN ISLAND,CAPE VERDE ISLANDS / SAO ANTAO / ENRICHED OLDER VOLCANICS (SAO ANTAO) / ATLANTIC OCEAN,LOWER AGUA NOVA GORGE,17,17,-25,-25,SUBAERIAL,,,s 114528 [8504],BASANITE [8504],2000000 [8504],7500000 [8504],,,,,,,VOLCANIC ROCK,,,,,WHOLE_ROCK [8504] ,197023.8525,27210.036,,68432.1543,,47279.439999999995,46715.729999999996,93975.56999999999,93697.17,52946.91199999999,1626.3618,,7471.35,24703.8381,4713.3468,,,,,,,,,,,,,,,,19700.,,,,,,,,,,,,,,,,,,,,,,,,,,,,25,,339,321,,,48,138,112,128,24,,,,,32,1248,40,392,111,,,,,,,,,,,,0.43,675,87,182,18.5,86,13.79,4.07,13.27,1.69,8.61,1.39,3.75,0.43,2.64,0.36,8.87,5.19,,,,,,,,,3.51,,8.8,2.2,,,,0.703229,,19.702,,15.638,,39.54,,,,,,,,,,,,,,,223574,
[8504],OCEAN ISLAND,CAPE VERDE ISLANDS / SAO ANTAO / ENRICHED OLDER VOLCANICS (SAO ANTAO) / ATLANTIC OCEAN,LOWER AGUA NOVA GORGE,17,17,-25,-25,SUBAERIAL,,,s 114533 [8504],BASANITE [8504],2000000 [8504],7500000 [8504],,,,,,,VOLCANIC ROCK,,,,,WHOLE_ROCK [8504] ,201885.1765,25352.082000000002,,70284.5328,,37697.659999999996,52856.4,90555.45,89551.90999999999,52705.695999999996,1626.3618,,6641.200000000001,22923.381299999997,5018.8414999999995,,,,,,,,,,,,,,,,24700.000000000004,,,,,,,,,,,,,,,,,,,,,,,,,,,,20,,308,274,,,68,157,50,135,24,,,,,43,1184,39,344,137,,,,,,,,,,,,,711,88,182,,86,15,4.4,,1.8,,,,,2.6,0.36,7,7.4,,,,,,,,,3.42,,8.5,1.9,0.51287,,,0.703253,,19.673,,15.598,,39.408,,,,,,,,,,,,,,,223575,
[8504],OCEAN ISLAND,CAPE VERDE ISLANDS / SAO ANTAO / INTERMEDIATE VOLCANICS (SAO ANTAO) / ATLANTIC OCEAN,CHA DE MORTE/W WALL TO BORDEIRA,17,17,-25,-25,SUBAERIAL,,,s 109901 [8504],NEPHELINITE [8504],1000000 [8504],2000000 [8504],,,,,,,VOLCANIC ROCK,,,,,WHOLE_ROCK [8504] ,184262.87700000004,37338.882,,64939.0977,,33081.62,63894.060000000005,97007.04000000001,85478.12000000001,62414.63999999999,1316.5786,,7803.41,30267.7656,4233.2837,,,,,,,,,,,,,,,,12700.,,,,,,,,,,,,,,,,,,,,,,,,,,,,13,,345,62,,,53,31,132,108,32,,,,,38,1749,39,589,148,,,,,,,,,,,,,928,96,208,,89,,,,,,,,,,,,,,,,,,,,,7,,13.6,,0.512944,,,0.703037,,19.927,,15.605,,39.338,,,,,,,,,,,,,,,223576,
[8504],OCEAN ISLAND,CAPE VERDE ISLANDS / SAO ANTAO / INTERMEDIATE VOLCANICS (SAO ANTAO) / ATLANTIC OCEAN,CHA DE MORTE/W WALL TO BORDEIRA,17,17,-25,-25,SUBAERIAL,,,s 109994 [8504],NEPHELINITE [8504],1000000 [8504],2000000 [8504],,,,,,,VOLCANIC ROCK,,,,,WHOLE_ROCK [8504] ,182860.57200000001,31525.283999999996,,64039.371,,46649.979999999996,54877.38,101515.38,113494.36,49328.672,1471.4702,,8218.485,22552.4528,3316.7996000000003,,,,,,,,,,,,,,,,15500.,,,,,,,,,,,,,,,,,,,,,,,,,,,,35,,428,185,,,68,100,48,124,28,,,,,21,1093,31,307,75,,,,,,,,,,,,0.31,548,56,123,13.81,66,11.51,3.45,10.93,1.42,7.03,1.11,2.86,0.34,1.98,0.28,8.48,3.8,,,,,,,,,2.62,,5.9,1.6,0.5129,,,0.703127,,19.694,,15.597,,39.314,,,,,,,,,,,,,,,223577,
[8504],OCEAN ISLAND,CAPE VERDE ISLANDS / SAO ANTAO / INTERMEDIATE VOLCANICS (SAO ANTAO) / ATLANTIC OCEAN,CHA DE MORTE/W WALL TO BORDEIRA,17,17,-25,-25,SUBAERIAL,,,s 109995 [8504],NEPHELINITE [8504],1000000 [8504],2000000 [8504],,,,,,,VOLCANIC ROCK,,,,,WHOLE_ROCK [8504] ,202773.303,24632.874,,84150.909,,28675.399999999998,53711.43,82393.8,84977.83,32021.423999999995,1781.2534,,14195.565,34199.6077,5193.4099,,,,,,,,,,,,,,,,34700.,,,,,,,,,,,,,,,,,,,,,,,,,,,,8,,331,36,,,47,31,20,114,28,,,,,58,1716,40,428,139,,,,,,,,,,,,0.77,919,87,177,20.82,82,14.48,4.24,14.1,1.76,8.96,1.45,3.97,0.47,2.92,0.4,8.87,6.43,,,,,,,,,5.37,,11.6,3.3,0.512879,,,0.703138,,19.539,,15.58,,39.147,,,,,,,,,,,,,,,223578,
[8504],OCEAN ISLAND,CAPE VERDE ISLANDS / SAO ANTAO / INTERMEDIATE VOLCANICS (SAO ANTAO) / ATLANTIC OCEAN,CHA DE MORTE/W WALL TO BORDEIRA,17,17,-25,-25,SUBAERIAL,,,s 109997 [8504],NEPHELINITE [8504],1000000 [8504],2000000 [8504],,,,,,,VOLCANIC ROCK,,,,,WHOLE_ROCK [8504] ,235353.52250000002,15702.708,,100451.8398,,32871.8,19821.149999999998,52700.94,50386.35,14895.088,1703.8076,,31130.625,44288.86289999999,2749.4523,,,,,,,,,,,,,,,,16400.,,,,,,,,,,,,,,,,,,,,,,,,,,,,3,,238,7,,,24,5,91,130,31,,,,,95,1606,30,548,125,,,,,,,,,,,,0.69,1091,84,150,15.88,56,9.12,2.63,9.53,1.15,5.82,0.99,2.95,0.39,2.53,0.37,10.12,4.2,,,,,,,,,8.03,,13.2,3.7,,,,0.703074,,19.871,,15.607,,39.288,,,,,,,,,,,,,,,223579,
[8504],OCEAN ISLAND,CAPE VERDE ISLANDS / SAO ANTAO / INTERMEDIATE VOLCANICS (SAO ANTAO) / ATLANTIC OCEAN,"COVA-CORDA ROAD, NW COAST, VILA RIBEIRA GRANDE-PAUL-GUI",17,17,-25,-25,SUBAERIAL,,,s 110062 [8504],BASANITE [8504],700000 [8504],1400000 [8504],,,,,,,VOLCANIC ROCK,,,,,WHOLE_ROCK [8504] ,198940.33600000004,21276.569999999996,,56894.482500000006,,26647.14,69335.16,95607.90000000001,87622.22,80023.408,1394.0244,,9712.755,16691.7825,2443.9576,,,,,,,,,,,,,,,,5800.,,,,,,,,,,,,,,,,,,,,,,,,,,,,32,,320,781,,,92,328,64,119,20,,,,,22,715,24,200,50,,,,,,,,,,,,0.27,283,36,75,9.35,40,8.59,2.64,8.23,1.12,5.77,0.93,2.41,0.29,1.69,0.23,5.63,2.47,,,,,,,,,1.82,,4.1,1,0.512946,,,0.702959,,19.61,,15.611,,39.152,,,,,,,,,,,,,,,223580,
[8504],OCEAN ISLAND,CAPE VERDE ISLANDS / SAO ANTAO / INTERMEDIATE VOLCANICS (SAO ANTAO) / ATLANTIC OCEAN,"COVA-CORDA ROAD, NW COAST, VILA RIBEIRA GRANDE-PAUL-GUI",17,17,-25,-25,SUBAERIAL,,,s 114816 [8504],BASANITE [8504],700000 [8504],1400000 [8504],,,,,,,VOLCANIC ROCK,,,,,WHOLE_ROCK [8504] ,198893.5925,21995.778,,62663.318400000004,,32941.74,57287.01,90244.53,82047.56,77008.208,1471.4702,,5229.945,28413.1231,2880.3786,,,,,,,,,,,,,,,,11299.999999999998,,,,,,,,,,,,,,,,,,,,,,,,,,,,22,,291,679,,,62,320,54,104,21,,,,,38,1006,28,291,78,,,,,,,,,,,,0.43,665,60,113,11.93,56,9.36,2.89,9.27,1.19,6.07,0.98,2.59,0.29,1.82,0.26,6.64,3.53,,,,,,,,,3.84,,6.5,1.5,,,,0.703046,,19.36,,15.636,,38.979,,,,,,,,,,,,,,,223581,
[8504],OCEAN ISLAND,CAPE VERDE ISLANDS / SAO ANTAO / INTERMEDIATE VOLCANICS (SAO ANTAO) / ATLANTIC OCEAN,"COVA-CORDA ROAD, NW COAST, VILA RIBEIRA GRANDE-PAUL-GUI",17,17,-25,-25,SUBAERIAL,,,s 109502 [8504],BASANITE [8504],700000 [8504],1400000 [8504],,,,,,,VOLCANIC ROCK,,,,,WHOLE_ROCK [8504] ,202352.6115,25232.214,,62716.243500000004,,37347.96,54955.11,92265.51,91124.25,61148.256,1471.4702,,5728.035,24184.5382,3840.5048,,,,,,,,,,,,,,,,13500.,,,,,,,,,,,,,,,,,,,,,,,,,,,,24,,332,565,,,82,198,58,99,22,,,,,33,1063,32,342,86,,,,,,,,,,,,0.48,640,63,130,15.4,67,12.09,3.63,11.58,1.52,7.35,1.16,3.04,0.34,2.1,0.3,8.33,4.33,,,,,,,,,2.92,,6.6,1.6,0.512908,,,0.703105,,19.544,,15.575,,39.145,,,,,,,,,,,,,,,223583,
[8504],OCEAN ISLAND,CAPE VERDE ISLANDS / SAO ANTAO / INTERMEDIATE VOLCANICS (SAO ANTAO) / ATLANTIC OCEAN,"COVA-CORDA ROAD, NW COAST, VILA RIBEIRA GRANDE-PAUL-GUI",17,17,-25,-25,SUBAERIAL,,,s 109557 [8504],BASANITE [8504],700000 [8504],1400000 [8504],,,,,,,VOLCANIC ROCK,,,,,WHOLE_ROCK [8504] ,198285.92700000003,26131.224000000002,,72295.6866,,40635.14,54721.92,95374.70999999999,85835.47,46675.296,1626.3618,,8052.455,32122.4081,3404.0838000000003,,,,,,,,,,,,,,,,11600.,,,,,,,,,,,,,,,,,,,,,,,,,,,,23,,365,189,,,62,78,52,131,21,,,,,33,881,28,294,68,,,,,,,,,,,,0.52,772,55,122,13.84,63,11.83,3.48,11.05,1.47,7.39,1.23,3.29,0.38,2.3,0.34,8.26,3.89,,,,,,,,,3.06,,6.1,1.4,0.512949,,,0.70308,,19.505,,15.579,,39.051,,,,,,,,,,,,,,,223584,
[8504],OCEAN ISLAND,CAPE VERDE ISLANDS / SAO ANTAO / INTERMEDIATE VOLCANICS (SAO ANTAO) / ATLANTIC OCEAN,"COVA-CORDA ROAD, NW COAST, VILA RIBEIRA GRANDE-PAUL-GUI",17,17,-25,-25,SUBAERIAL,,,s 110033 [8504],BASANITE [8504],700000 [8504],1400000 [8504],,,,,,,VOLCANIC ROCK,,,,,WHOLE_ROCK [8504] ,197911.97900000002,25891.488,,73671.7392,,85466.68000000001,4896.99,90322.26,90409.55,46132.56,1471.4702,,13614.46,21142.9245,3185.8732999999997,,,,,,,,,,,,,,,,1600.,,,,,,,,,,,,,,,,,,,,,,,,,,,,28,,335,195,,,64,84,84,147,24,,,,,28,947,30,282,73,,,,,,,,,,,,0.27,345,48,99,12.49,52,10.46,3.27,10.23,1.36,6.97,1.16,3.09,0.35,2.24,0.31,7.21,3.51,,,,,,,,,1.65,,5.5,1.3,0.512912,,,0.703123,,19.678,,15.636,,39.288,,,,,,,,,,,,,,,223585,
[8504],OCEAN ISLAND,CAPE VERDE ISLANDS / SAO ANTAO / INTERMEDIATE VOLCANICS (SAO ANTAO) / ATLANTIC OCEAN,"COVA-CORDA ROAD, NW COAST, VILA RIBEIRA GRANDE-PAUL-GUI",17,17,-25,-25,SUBAERIAL,,,s 111768 [8504],BASANITE [8504],700000 [8504],1400000 [8504],,,,,,,VOLCANIC ROCK,,,,,WHOLE_ROCK [8504] ,209270.64950000003,22834.854,,70866.70890000001,,57001.100000000006,32180.219999999998,89156.31000000001,81404.33,45408.912,1548.9160000000002,,15191.745,29154.9801,3098.5890999999997,,,,,,,,,,,,,,,,31700.,,,,,,,,,,,,,,,,,,,,,,,,,,,,19,,315,205,,,40,84,69,139,25,,,,,54,940,29,290,74,,,,,,,,,,,,,733,48,95,,48,10,2.9,,1.3,,,,,1.9,0.3,7,4.1,,,,,,,,,6,,5.8,1.3,0.512932,,,0.703252,,19.536,,15.593,,39.087,,,,,,,,,,,,,,,223586,
[8504],OCEAN ISLAND,CAPE VERDE ISLANDS / SAO ANTAO / INTERMEDIATE VOLCANICS (SAO ANTAO) / ATLANTIC OCEAN,"COVA-CORDA ROAD, NW COAST, VILA RIBEIRA GRANDE-PAUL-GUI",17,17,-25,-25,SUBAERIAL,,,s 111840 [8504],BASANITE [8504],700000 [8504],1400000 [8504],,,,,,,VOLCANIC ROCK,,,,,WHOLE_ROCK [8504] ,196836.87850000002,30566.339999999997,,70337.4579,,34970,62339.46,97317.95999999999,87836.62999999999,43660.096,1703.8076,,7637.38,32864.2651,4931.5572999999995,,,,,,,,,,,,,,,,10000,,,,,,,,,,,,,,,,,,,,,,,,,,,,22,,421,144,,,44,60,83,137,25,,,,,14,1098,36,367,92,,,,,,,,,,,,,618,63,139,,73,,,,,,,,,,,,,,,,,,,,,2,,5.4,,0.512934,,,0.703036,,19.748,,15.613,,39.301,,,,,,,,,,,,,,,223587,
[8504],OCEAN ISLAND,CAPE VERDE ISLANDS / SAO ANTAO / INTERMEDIATE VOLCANICS (SAO ANTAO) / ATLANTIC OCEAN,"COVA-CORDA ROAD, NW COAST, VILA RIBEIRA GRANDE-PAUL-GUI",17,17,-25,-25,SUBAERIAL,,,s 109556 [8504],BASANITE [8504],700000 [8504],1400000 [8504],,,,,,,VOLCANIC ROCK,,,,,WHOLE_ROCK [8504] ,198706.6185,31884.888,,76000.4436,,80500.94,16556.489999999998,97084.77,88622.8,39680.032,1703.8076,,4399.795,22478.267099999997,4407.8521,,,,,,,,,,,,,,,,27100.,,,,,,,,,,,,,,,,,,,,,,,,,,,,25,,371,57,,,69,52,,153,26,,,,,37,1116,34,369,101,,,,,,,,,,,,0.48,559,66,134,15.7,69,11.96,3.53,11.6,1.46,7.45,1.19,3.22,0.39,2.34,0.32,8.79,4.99,,,,,,,,,2.19,,6.9,1.9,0.512918,,,0.703147,,19.625,,15.599,,39.136,,,,,,,,,,,,,,,223588,
[8504],OCEAN ISLAND,CAPE VERDE ISLANDS / SAO ANTAO / INTERMEDIATE VOLCANICS (SAO ANTAO) / ATLANTIC OCEAN,"COVA-CORDA ROAD, NW COAST, VILA RIBEIRA GRANDE-PAUL-GUI",17,17,-25,-25,SUBAERIAL,,,s 109508 [8504],BASANITE [8504],700000 [8504],1400000 [8504],,,,,,,VOLCANIC ROCK,,,,,WHOLE_ROCK [8504] ,195200.856,25951.422,,71343.03480000001,,44551.78,50757.69,95296.98,85192.24,36122.096,2091.0366,,13780.49,38131.449799999995,7375.5149,,,,,,,,,,,,,,,,14300.,,,,,,,,,,,,,,,,,,,,,,,,,,,,10,,284,72,,,53,,43,130,,,,,,,2042,34,,202,,,,,,,,,,,,0.92,878,114,241,28.85,116,20.78,6.01,19.53,2.42,11.74,1.77,4.7,0.51,3.15,0.41,15.54,9,,,,,,,,,5.71,,11.9,3.1,0.512936,,,0.703115,,19.604,,15.59,,39.199,,,,,,,,,,,,,,,223589,
[8504],OCEAN ISLAND,CAPE VERDE ISLANDS / SAO ANTAO / INTERMEDIATE VOLCANICS (SAO ANTAO) / ATLANTIC OCEAN,"COVA-CORDA ROAD, NW COAST, VILA RIBEIRA GRANDE-PAUL-GUI",17,17,-25,-25,SUBAERIAL,,,s 109563 [8504],BASANITE [8504],700000 [8504],1400000 [8504],,,,,,,VOLCANIC ROCK,,,,,WHOLE_ROCK [8504] ,209597.85400000002,24033.533999999996,,82933.6317,,41194.659999999996,42051.93,83248.83,76187.02,31780.207999999995,1626.3618,,13448.43,33531.9364,3971.4311000000002,,,,,,,,,,,,,,,,23500.,,,,,,,,,,,,,,,,,,,,,,,,,,,,13,,295,20,,,58,24,44,129,26,,,,,63,1404,36,478,110,,,,,,,,,,,,0.79,978,77,147,16.68,70,12.53,3.77,12.55,1.62,8.11,1.3,3.53,0.43,2.56,0.36,10.87,5.15,,,,,,,,,4.18,,9.3,2.6,0.512934,,,0.702988,,19.53,,15.595,,39.089,,,,,,,,,,,,,,,223590,
[8504],OCEAN ISLAND,CAPE VERDE ISLANDS / SAO ANTAO / INTERMEDIATE VOLCANICS (SAO ANTAO) / ATLANTIC OCEAN,"COVA-CORDA ROAD, NW COAST, VILA RIBEIRA GRANDE-PAUL-GUI",17,17,-25,-25,SUBAERIAL,,,s 109545 [8504],BASANITE [8504],700000 [8504],1400000 [8504],,,,,,,VOLCANIC ROCK,,,,,WHOLE_ROCK [8504] ,215674.50900000002,19778.219999999998,,87432.2652,,33431.32,37388.13,70812.03,65323.58,25629.199999999997,1548.9160000000002,,18097.27,50372.090299999996,3273.1575000000003,,,,,,,,,,,,,,,,9000.,,,,,,,,,,,,,,,,,,,,,,,,,,,,9,,228,19,,,79,21,18,133,29,,,,,44,1425,34,528,112,,,,,,,,,,,,1.06,1074,76,141,,63,10.6,3.57,,1.51,,,,,2.27,0.34,10.8,5.69,,,,,,,,,4,,8.1,,0.512909,,,0.702985,,19.536,,15.586,,39.082,,,,,,,,,,,,,,,223591,
[8504],OCEAN ISLAND,CAPE VERDE ISLANDS / SAO ANTAO / INTERMEDIATE VOLCANICS (SAO ANTAO) / ATLANTIC OCEAN,"COVA-CORDA ROAD, NW COAST, VILA RIBEIRA GRANDE-PAUL-GUI",17,17,-25,-25,SUBAERIAL,,,s 109546 [8504],BASANITE [8504],700000 [8504],1400000 [8504],,,,,,,VOLCANIC ROCK,,,,,WHOLE_ROCK [8504] ,223527.41700000002,21216.636,,95371.03020000001,,38816.7,31480.649999999998,70267.92,67825.03,21468.224,2091.0366,,19840.585000000003,25371.5094,4451.4942,,,,,,,,,,,,,,,,36000.,,,,,,,,,,,,,,,,,,,,,,,,,,,,4,,245,10,,,26,8,39,141,30,,,,,82,2783,48,742,195,,,,,,,,,,,,2.9,1408,140,256,,105,17.4,5.27,,2.27,,,,,0.49,0.49,13.8,9.41,,,,,,,,,7,,13.4,,0.512917,,,0.703073,,19.689,,15.591,,39.244,,,,,,,,,,,,,,,223592,
[8504],OCEAN ISLAND,CAPE VERDE ISLANDS / SAO ANTAO / INTERMEDIATE VOLCANICS (SAO ANTAO) / ATLANTIC OCEAN,"COVA-CORDA ROAD, NW COAST, VILA RIBEIRA GRANDE-PAUL-GUI",17,17,-25,-25,SUBAERIAL,,,s 114811 [8504],BASANITE [8504],700000 [8504],1400000 [8504],,,,,,,VOLCANIC ROCK,,,,,WHOLE_ROCK [8504] ,225630.87450000003,14923.566,,97223.40870000001,,31682.820000000003,24174.03,55810.14,51672.810000000005,17307.248,1858.6992,,33206.,54749.046599999994,3360.4417000000003,,,,,,,,,,,,,,,,7600.,,,,,,,,,,,,,,,,,,,,,,,,,,,,5,,225,22,,,19,20,17,122,30,,,,,92,2400,32,632,148,,,,,,,,,,,,1.27,1370,114,189,17.81,68,10.28,3.04,10.9,1.29,6.72,1.11,3.19,0.42,2.74,0.41,10.71,4.5,,,,,,,,,10.21,,16.8,6.1,,,,0.703023,,19.686,,15.594,,39.206,,,,,,,,,,,,,,,223593,
[8504],OCEAN ISLAND,CAPE VERDE ISLANDS / SAO ANTAO / INTERMEDIATE VOLCANICS (SAO ANTAO) / ATLANTIC OCEAN,"COVA-CORDA ROAD, NW COAST, VILA RIBEIRA GRANDE-PAUL-GUI",17,17,-25,-25,SUBAERIAL,,,s 111767 [8504],BASANITE [8504],700000 [8504],1400000 [8504],,,,,,,VOLCANIC ROCK,,,,,WHOLE_ROCK [8504] ,229089.8935,14983.5,,98176.0605,,25248.34,31558.379999999997,56742.9,50314.88,14774.48,1548.9160000000002,,34285.195,53858.818199999994,2051.1787,,,,,,,,,,,,,,,,13400.,,,,,,,,,,,,,,,,,,,,,,,,,,,,3,,169,6,,,15,3,11,91,28,,,,,106,1467,,497,127,,,,,,,,,,,,,1333,67,115,,48,9,2.6,,1.2,,,,,2.7,0.41,11,6.7,,,,,,,,,4,,7,2.2,0.512968,,,0.702972,,19.386,,15.582,,39.206,,,,,,,,,,,,,,,223594,
[8504],OCEAN ISLAND,CAPE VERDE ISLANDS / SAO ANTAO / INTERMEDIATE VOLCANICS (SAO ANTAO) / ATLANTIC OCEAN,"COVA-CORDA ROAD, NW COAST, VILA RIBEIRA GRANDE-PAUL-GUI",17,17,-25,-25,SUBAERIAL,,,s 109551 [8504],BASANITE [8504],700000 [8504],1400000 [8504],,,,,,,VOLCANIC ROCK,,,,,WHOLE_ROCK [8504] ,237971.1585,14683.83,,101986.6677,,23220.079999999998,26350.47,49514.01,42524.65,13387.488000000001,1626.3618,,30134.445,55416.717899999996,2182.105,,,,,,,,,,,,,,,,11299.999999999998,,,,,,,,,,,,,,,,,,,,,,,,,,,,2,,190,12,,,37,4,7,81,23,,,,,63,1494,31,488,137,,,,,,,,,,,,,1139,93,177,,74,,,,,,,,,,,,,,,,,,,,,5,,10.4,,0.512943,,,0.703055,,19.757,,15.589,,39.21,,,,,,,,,,,,,,,223595,
[8504],OCEAN ISLAND,CAPE VERDE ISLANDS / SAO ANTAO / INTERMEDIATE VOLCANICS (SAO ANTAO) / ATLANTIC OCEAN,"COVA-CORDA ROAD, NW COAST, VILA RIBEIRA GRANDE-PAUL-GUI",17,17,-25,-25,SUBAERIAL,,,s 106459 [8504],BASANITE [8504],700000 [8504],1400000 [8504],,,,,,,VOLCANIC ROCK,,,,,WHOLE_ROCK [8504] ,256247.86700000003,6712.608,,110295.9084,,15316.859999999999,15623.729999999998,30936.54,28159.18,4824.32,1394.0244,,40262.274999999994,61203.2025,829.1999000000001,,,,,,,,,,,,,,,,4100.,,,,,,,,,,,,,,,,,,,,,,,,,,,,0,,63,1,,,15,3,2,95,29,,,,,124,1844,31,612,147,,,,,,,,,,,,,1514,86,131,,42,,,,,,,,,,,,,,,,,,,,,8,,16.7,,0.512683,,,0.703008,,19.489,,15.584,,39.051,,,,,,,,,,,,,,,223596,
[8504],OCEAN ISLAND,CAPE VERDE ISLANDS / SAO ANTAO / INTERMEDIATE VOLCANICS (SAO ANTAO) / ATLANTIC OCEAN,"COVA-CORDA ROAD, NW COAST, VILA RIBEIRA GRANDE-PAUL-GUI",17,17,-25,-25,SUBAERIAL,,,s 109568 [8504],BASANITE [8504],700000 [8504],1400000 [8504],,,,,,,VOLCANIC ROCK,,,,,WHOLE_ROCK [8504] ,271159.0435,3895.71,,115165.0176,,20632.300000000003,1243.68,21919.859999999997,16223.69,2954.8959999999997,1316.5786,,46737.445,51336.5044,436.42100000000005,,,,,,,,,,,,,,,,17600.,,,,,,,,,,,,,,,,,,,,,,,,,,,,2,,38,0,,,37,4,78,121,27,,,,,133,1684,24,625,128,,,,,,,,,,,,1.88,2212,95,133,,30,4.07,1.38,,0.64,,,,,,0.37,10.1,3.78,,,,,,,,,6,,12.8,,,,,0.703024,,,,,,,,,,,,,,,,,,,,,223597,
[8504],OCEAN ISLAND,CAPE VERDE ISLANDS / SAO ANTAO / INTERMEDIATE VOLCANICS (SAO ANTAO) / ATLANTIC OCEAN,"OLDER SURFACE CONES AND FLOWS, MONTE FRADO",17,17,-25,-25,SUBAERIAL,,,s 111813 [8504],BASANITE [8504],400000 [8504],500000 [8504],,,,,,,VOLCANIC ROCK,,,,,WHOLE_ROCK [8504] ,200436.12800000003,20317.626,,51072.72150000001,,35669.399999999994,53789.159999999996,89467.23,97199.2,81772.224,1471.4702,,7222.305,21217.1102,2618.526,,,,,,,,,,,,,,,,11399.999999999998,,,,,,,,,,,,,,,,,,,,,,,,,,,,34,,325,766,,,63,248,75,126,19,,,,,18,580,23,219,45,,,,,,,,,,,,,537,36,79,,42,7.5,2.48,,0.89,,,,,1.43,0.28,5.45,2.69,,,,,,,,,4,,2.7,,0.512913,,,0.703237,,19.892,,15.628,,39.297,,,,,,,,,,,,,,,223598,
[8504],OCEAN ISLAND,CAPE VERDE ISLANDS / SAO ANTAO / INTERMEDIATE VOLCANICS (SAO ANTAO) / ATLANTIC OCEAN,"OLDER SURFACE CONES AND FLOWS, MONTE FRADO",17,17,-25,-25,SUBAERIAL,,,s 111718 [8504],BASANITE [8504],400000 [8504],500000 [8504],,,,,,,VOLCANIC ROCK,,,,,WHOLE_ROCK [8504] ,207541.14,26071.289999999997,,54407.0028,,55182.659999999996,41274.63,96462.93000000001,93554.23,67178.656,1471.4702,,8550.545,10089.2552,2662.1681,,,,,,,,,,,,,,,,19900.,,,,,,,,,,,,,,,,,,,,,,,,,,,,43,,323,620,,,62,185,8,165,20,,,,,26,709,30,281,59,,,,,,,,,,,,,534,51,111,,60,9,3.2,,1.2,,,,,1.3,0.33,7,3.5,,,,,,,,,2.96,,4,1.1,0.512911,,,0.703162,,19.731,,15.631,,39.312,,,,,,,,,,,,,,,223599,
[8504],OCEAN ISLAND,CAPE VERDE ISLANDS / SAO ANTAO / INTERMEDIATE VOLCANICS (SAO ANTAO) / ATLANTIC OCEAN,"OLDER SURFACE CONES AND FLOWS, MONTE FRADO",17,17,-25,-25,SUBAERIAL,,,s 106452 [8504],BASANITE [8504],400000 [8504],500000 [8504],,,,,,,VOLCANIC ROCK,,,,,WHOLE_ROCK [8504] ,208522.75350000002,18219.935999999998,,90607.7712,,42313.7,23085.81,65370.93,66681.51,15799.648,2168.4824000000003,,26813.845,61499.94529999999,3360.4417000000003,,,,,,,,,,,,,,,,8600.,,,,,,,,,,,,,,,,,,,,,,,,,,,,1,,285,5,,,17,4,98,128,30,,,,,60,1882,56,698,189,,,,,,,,,,,,,1060,121,239,,104,,,,,,,,,,,,,,,,,,,,,8,,15.7,,0.512952,,,0.703085,,,,,,,,,,,,,,,,,,,,,223600,
[8504],OCEAN ISLAND,CAPE VERDE ISLANDS / SAO ANTAO / INTERMEDIATE VOLCANICS (SAO ANTAO) / ATLANTIC OCEAN,YOUNGER AGUA NOVA GORGE,17,17,-25,-25,SUBAERIAL,,,s 111712 [8504],BASANITE [8504],300000 [8504],500000 [8504],,,,,,,VOLCANIC ROCK,,,,,WHOLE_ROCK [8504] ,199080.56650000004,31045.811999999998,,62292.8427,,41474.42,54411,95918.81999999999,93697.17,49268.367999999995,1394.0244,,5063.915,33012.6365,4145.9995,,,,,,,,,,,,,,,,9900.,,,,,,,,,,,,,,,,,,,,,,,,,,,,28,,433,244,,,50,99,86,142,23,,,,,33,1003,31,354,71,,,,,,,,,,,,,524,61,128,,71,17,4,,1.6,,,,,2.2,0.29,9,4.4,,,,,,,,,3.11,,5,1.5,0.512985,,,0.703002,,19.705,,15.606,,39.184,,,,,,,,,,,,,,,223601,
