Citations,Tectonic Setting,Location,Location Comment,Latitude (Min),Latitude (Max),Longitude (Min),Longitude (Max),Land or Sea,Elevation (Min),Elevation (Max),Sample Name,Rock Name,"Age (a, Min)","Age (a, Max)",Geol,Age,Eruption Day,Eruption Month,Eruption Year,Rock Texture,Rock Type,Drill Depth (Min),Drill Depth (Max),Alteration,Mineral,Material,Si,Ti,B,Al,Cr,Fe3+,Fe2+,Fetot(2+),Ca,Mg,Mn,Ni,K,Na,P,H2O,H2OP,H2OM,H2Otot,CO2,CO,F,Cl,Cl2,OH,CH4,SO2,SO3,SO4,S,LOI,Volatiles,O,Others,HE(CCM/G),HE(CCMSTP/G),HE3(CCMSTP/G),HE3(AT/G),HE4(CCM/G),HE4(CCMSTP/G),HE4(AT/G),HE4(MOLE/G),HE4(NCC/G),HE(NCC/G),Li,Be,B,C,CO2,F,Na,Mg,Al,P,S,Cl,K,Ca,Sc,Ti,V,Cr,Mn,Fe,Co,Ni,Cu,Zn,Ga,Ge,As,Se,Br,Rb,Sr,Y,Zr,Nb,Mo,Ru,Rh,Pd,Ag,Cd,In,Sn,Sb,Te,I,Cs,Ba,La,Ce,Pr,Nd,Sm,Eu,Gd,Tb,Dy,Ho,Er,Tm,Yb,Lu,Hf,Ta,W,Re,Os,Ir,Pt,Au,Hg,Tl,Pb,Bi,Th,U,Nd143/Nd144,Nd143/Nd144 initial,e Nd,Sr87/Sr86,SR87_SR86_INI,PB206_PB204,PB206_PB204_INI,PB207_PB204,PB207_PB204_INI,PB208_PB204,PB208_PB204_INI,OS184_OS188,OS186_OS188,OS187_OS186,OS187_OS188,RE187_OS186,RE187_OS188,HF176_HF177,HE3_HE4,HE3_HE4(R/R(A)),HE4_HE3,HE4_HE3(R/R(A)),K40_AR40,AR40_K40,Unique Id,
[6422],OCEANIC PLATEAU,BERMUDA RISE / BERMUDA RISE / SITE 417 / ATLANTIC OCEAN,HOLE 417A,25.112,25.112,-68.047,-68.047,SUBAQUATIC,-5478,-5478,"s 51-417A-24-1-2,55-57 [6422]",BASALT [6422],109000000 [6422],109000000 [6422],,,,,,,VOLCANIC ROCK,,,,,WHOLE_ROCK [6422] ,241663.89500000002,10068.911999999998,,100557.69,,51266.020000000004,4974.72,,12221.369999999999,14955.392,697.0122,,48065.685,11869.712,654.6315,,52000.,3400.0000000000005,,,,,,,,,,,,,,,,,,,,,,,,,,,,,,,,,,,,,,,,,,,,,,,,,70,158,,,,,,51,94,,,,,,,,,,,,,,,,,,,,,,,,,,,,,,,,,,,,,,,,,,,,,,,,,,,,,,,,,,,,,,,,,,,,,143735,
[6422],OCEANIC PLATEAU,BERMUDA RISE / BERMUDA RISE / SITE 417 / ATLANTIC OCEAN,HOLE 417A,25.112,25.112,-68.047,-68.047,SUBAQUATIC,-5478,-5478,"s 51-417A-24-1-6,75-80 [6422]",BASALT [6422],109000000 [6422],109000000 [6422],,,,,,,VOLCANIC ROCK,,,,,WHOLE_ROCK [6422] ,218666.09300000002,10128.846,,85262.3361,,93299.95999999999,10027.17,,24728.62,23036.127999999997,1394.0244,,40096.245,11350.4121,654.6315,,47600.,6400.,,20299.999999999996,,,,,,,,,,,,,,,,,,,,,,,,,,,,,,,,,,,,,,,,,,,,,,103,,135,,,,,,58,102,28,109,,,,,,,,,,,,,,,,,,,,,,,,,,,,,,,,,,,,,,,,,,,,,,,,,,,,,,,,,,,,,,,,,,,143736,
[6422],OCEANIC PLATEAU,BERMUDA RISE / BERMUDA RISE / SITE 417 / ATLANTIC OCEAN,HOLE 417A,25.112,25.112,-68.047,-68.047,SUBAQUATIC,-5478,-5478,"s 51-417A-24-1-7,75-80 [6422]",BASALT [6422],109000000 [6422],109000000 [6422],,,,,,,VOLCANIC ROCK,,,,,WHOLE_ROCK [6422] ,237036.28850000002,9769.241999999998,,97911.435,,57770.439999999995,5363.37,,17867.5,17608.768,1084.2412000000002,,53046.585,12018.0834,785.5577999999999,,,,,,,,,,,,,,,,,,,,,,,,,,,,,,,,,,,,,,,,,,,,,,,,,,,92,,99,,,,,,56,126,32,90,,,,,,,,,,,,,,,,,,,,,,,,,,,,,,,,,,,,,,,,,,,,,,,,,,,,,,,,,,,,,,,,,,,143737,
[6422],OCEANIC PLATEAU,BERMUDA RISE / BERMUDA RISE / SITE 417 / ATLANTIC OCEAN,HOLE 417A,25.112,25.112,-68.047,-68.047,SUBAQUATIC,-5478,-5478,"s 51-417A-24-2-1,94-100 [6422]",BASALT [6422],109000000 [6422],109000000 [6422],,,,,,,VOLCANIC ROCK,,,,,WHOLE_ROCK [6422] ,219694.45,12106.668,,89972.67,,93789.54000000001,2487.36,,11292.26,16764.512,1084.2412000000002,,46986.49,7863.6842,829.1999000000001,,51700.,1600.,,,,,,,,,,,,,,,,,,,,,,,,,,,,,,,,,,,,,,,,,,,,,,,,,116,145,,,,,,63,100,,,,,,,,,,,,,,,,,,,,,,,,,,,,,,,,,,,,,,,,,,,,,,,,,,,,,,,,,,,,,,,,,,,,,143738,
[6422],OCEANIC PLATEAU,BERMUDA RISE / BERMUDA RISE / SITE 417 / ATLANTIC OCEAN,HOLE 417A,25.112,25.112,-68.047,-68.047,SUBAQUATIC,-5478,-5478,"s 51-417A-24-2-3,94-100 [6422]",BASALT [6422],109000000 [6422],109000000 [6422],,,,,,,VOLCANIC ROCK,,,,,WHOLE_ROCK [6422] ,225303.67000000004,10608.318,,98705.3115,,82319.37999999999,6218.400000000001,,25014.5,17066.032,1084.2412000000002,,40096.245,13946.9116,1920.2524,,43700.,1700.0000000000002,,,,,,,,,,,,,,,,,,,,,,,,,,,,,,,,,,,,,,,,,,,,,,,,,154,155,,,,,,56,120,,,,,,,,,,,,,,,,,,,,,,,,,,,,,,,,,,,,,,,,,,,,,,,,,,,,,,,,,,,,,,,,,,,,,143739,
[6422],OCEANIC PLATEAU,BERMUDA RISE / BERMUDA RISE / SITE 417 / ATLANTIC OCEAN,HOLE 417A,25.112,25.112,-68.047,-68.047,SUBAQUATIC,-5478,-5478,"s 51-417A-24-4-1,126-136 [6422]",BASALT [6422],109000000 [6422],109000000 [6422],,,,,,,VOLCANIC ROCK,,,,,WHOLE_ROCK [6422] ,229978.02000000002,8330.826,,84150.909,,72667.66,3109.2000000000003,,25228.91,25810.112,387.22900000000004,,24157.365,8828.0983,,,,,,,,,,,,,,,,,,,,,,,,,,,,,,,,,,,,,,,,,,,,,,,,,,,,,144,210,,,,,,58,55,,,,,,,,,,,,,,,,,,,,,,,,,,,,,,,,,,,,,,,,,,,,,,,,,,,,,,,,,,,,,,,,,,,,,143740,
[6422],OCEANIC PLATEAU,BERMUDA RISE / BERMUDA RISE / SITE 417 / ATLANTIC OCEAN,HOLE 417A,25.112,25.112,-68.047,-68.047,SUBAQUATIC,-5478,-5478,"s 51-417A-27-1-1,22-27 [6422]",BASALT [6422],109000000 [6422],109000000 [6422],,,,,,,VOLCANIC ROCK,,,,,WHOLE_ROCK [6422] ,221564.19,10188.779999999999,,95794.43100000001,,69310.54000000001,16167.84,,47170.2,26232.239999999998,1006.7954,,21002.795,16617.5968,872.8420000000001,,,,,,,,,,,,,,,,,,,,,,,,,,,,,,,,,,,,,,,,,,,,,,,,,,,,120,155,,,,,,22,135,,,,,,,,,,,,,,,,,,,,,,,,,,,,,,,,,,,,,,,,,,,,,,,,,,,,,,,,,,,,,,,,,,,,,143741,
[6422],OCEANIC PLATEAU,BERMUDA RISE / BERMUDA RISE / SITE 417 / ATLANTIC OCEAN,HOLE 417A,25.112,25.112,-68.047,-68.047,SUBAQUATIC,-5478,-5478,"s 51-417A-27-1-2,42-45 [6422]",BASALT [6422],109000000 [6422],109000000 [6422],,,,,,,VOLCANIC ROCK,,,,,WHOLE_ROCK [6422] ,219227.015,8091.09,,97911.435,,46789.86,26117.28,,96484.5,29790.176,1161.687,,13365.415,16914.3396,654.6315,,,,,,,,,,,,,,,,,,,,,,,,,,,,,,,,,,,,,,,,,,,,,,,,,,,,85,105,,,,,,22,120,,,,,,,,,,,,,,,,,,,,,,,,,,,,,,,,,,,,,,,,,,,,,,,,,,,,,,,,,,,,,,,,,,,,,143742,
[6422],OCEANIC PLATEAU,BERMUDA RISE / BERMUDA RISE / SITE 417 / ATLANTIC OCEAN,HOLE 417A,25.112,25.112,-68.047,-68.047,SUBAQUATIC,-5478,-5478,"s 51-417A-27-1-3,81-88 [6422]",BASALT [6422],109000000 [6422],109000000 [6422],,,,,,,VOLCANIC ROCK,,,,,WHOLE_ROCK [6422] ,216889.84,9469.572,,93942.0525,,44132.14,22386.239999999998,,69683.25,28945.92,1084.2412000000002,,15191.745,19288.282,1134.6946,,,,,,,,,,,,,,,,,,,,,,,,,,,,,,,,,,,,,,,,,,,,,,,,,,,,85,115,,,,,,18,129,,,,,,,,,,,,,,,,,,,,,,,,,,,,,,,,,,,,,,,,,,,,,,,,,,,,,,,,,,,,,,,,,,,,,143743,
[6422],OCEANIC PLATEAU,BERMUDA RISE / BERMUDA RISE / SITE 417 / ATLANTIC OCEAN,HOLE 417A,25.112,25.112,-68.047,-68.047,SUBAQUATIC,-5478,-5478,"s 51-417A-28-1-2,106-123 [6422]",BASALT [6422],109000000 [6422],109000000 [6422],,,,,,,VOLCANIC ROCK,,,,,WHOLE_ROCK [6422] ,219273.7585,8570.562,,88384.917,,57140.979999999996,27749.609999999997,,70112.07,34493.888,1161.687,,9795.769999999999,14614.5829,654.6315,,,,,,,,,,,,,,,,,,,,,,,,,,,,,,,,,,,,,,,,,,,,,,,,,,,22,,85,,,,,,25,118,36,93,,,,,,,,,,,,,,,,,,,,,,,,,,,,,,,,,,,,,,,,,,,,,,,,,,,,,,,,,,,,,,,,,,,143744,
[6422],OCEANIC PLATEAU,BERMUDA RISE / BERMUDA RISE / SITE 417 / ATLANTIC OCEAN,HOLE 417A,25.112,25.112,-68.047,-68.047,SUBAQUATIC,-5478,-5478,"s 51-417A-28-1-1,106-123 [6422]",BASALT [6422],109000000 [6422],109000000 [6422],,,,,,,VOLCANIC ROCK,,,,,WHOLE_ROCK [6422] ,222125.11200000002,9169.902,,86426.6883,,56511.520000000004,25417.71,,64180.060000000005,35519.056,1161.687,,14278.58,15133.8828,960.1262,,,,,,,,,,,,,,,,,,,,,,,,,,,,,,,,,,,,,,,,,,,,,,,,,,,28,,86,,,,,,30,128,41,104,,,,,,,,,,,,,,,,,,,,,,,,,,,,,,,,,,,,,,,,,,,,,,,,,,,,,,,,,,,,,,,,,,,143745,
[6422],OCEANIC PLATEAU,BERMUDA RISE / BERMUDA RISE / SITE 417 / ATLANTIC OCEAN,HOLE 417A,25.112,25.112,-68.047,-68.047,SUBAQUATIC,-5478,-5478,"s 51-417A-28-1-3,106-123 [6422]",BASALT [6422],109000000 [6422],109000000 [6422],,,,,,,VOLCANIC ROCK,,,,,WHOLE_ROCK [6422] ,216422.405,9349.704,,91719.19829999999,,65463.84,18577.47,,58390.99,29247.439999999995,1006.7954,,18346.315,14837.14,741.9157,,,,,,,,,,,,,,,,,,,,,,,,,,,,,,,,,,,,,,,,,,,,,,,,,,,54,,117,,,,,,24,143,36,117,,,,,,,,,,,,,,,,,,,,,,,,,,,,,,,,,,,,,,,,,,,,,,,,,,,,,,,,,,,,,,,,,,,143746,
[6422],OCEANIC PLATEAU,BERMUDA RISE / BERMUDA RISE / SITE 417 / ATLANTIC OCEAN,HOLE 417A,25.112,25.112,-68.047,-68.047,SUBAQUATIC,-5478,-5478,"s 51-417A-28-1-4,106-123 [6422]",BASALT [6422],109000000 [6422],109000000 [6422],,,,,,,VOLCANIC ROCK,,,,,WHOLE_ROCK [6422] ,226799.46200000003,9529.506,,96905.8581,,43922.32,12125.880000000001,,53745.439999999995,25086.464,774.4580000000001,,30798.565,14837.14,785.5577999999999,,28300.,7900.,,10700.,,,,,,,,,,,,,,,,,,,,,,,,,,,,,,,,,,,,,,,,,,,,,,43,,84,,,,,,29,178,31,101,,,,,,,,,,,,,,,,,,,,,,,,,,,,,,,,,,,,,,,,,,,,,,,,,,,,,,,,,,,,,,,,,,,143747,
[6422],OCEANIC PLATEAU,BERMUDA RISE / BERMUDA RISE / SITE 417 / ATLANTIC OCEAN,HOLE 417A,25.112,25.112,-68.047,-68.047,SUBAQUATIC,-5478,-5478,"s 51-417A-28-3-1,80-95 [6422]",BASALT [6422],109000000 [6422],109000000 [6422],,,,,,,VOLCANIC ROCK,,,,,WHOLE_ROCK [6422] ,218806.32350000003,8450.694,,88861.2429,,53364.22,27982.8,,75114.97,29669.568,929.3496,,11207.025000000001,16617.5968,872.8420000000001,,,,,,,,,,,,,,,,,,,,,,,,,,,,,,,,,,,,,,,,,,,,,,,,,,,36,,91,,,,,,24,124,42,93,,,,,,,,,,,,,,,,,,,,,,,,,,,,,,,,,,,,,,,,,,,,,,,,,,,,,,,,,,,,,,,,,,,143748,
[6422],OCEANIC PLATEAU,BERMUDA RISE / BERMUDA RISE / SITE 417 / ATLANTIC OCEAN,HOLE 417A,25.112,25.112,-68.047,-68.047,SUBAQUATIC,-5478,-5478,"s 51-417A-28-3-2,80-95 [6422]",BASALT [6422],109000000 [6422],109000000 [6422],,,,,,,VOLCANIC ROCK,,,,,WHOLE_ROCK [6422] ,223480.67350000003,8630.496,,90925.3218,,33361.38,29381.94,,78831.40999999999,37870.912,1161.687,,6807.23,15578.997,698.2736,,,,,,,,,,,,,,,,,,,,,,,,,,,,,,,,,,,,,,,,,,,,,,,,,,,76,,76,,,,,,9,123,32,93,,,,,,,,,,,,,,,,,,,,,,,,,,,,,,,,,,,,,,,,,,,,,,,,,,,,,,,,,,,,,,,,,,,143749,
[6422],OCEANIC PLATEAU,BERMUDA RISE / BERMUDA RISE / SITE 417 / ATLANTIC OCEAN,HOLE 417A,25.112,25.112,-68.047,-68.047,SUBAQUATIC,-5478,-5478,"s 51-417A-28-5-1,117-135 [6422]",BASALT [6422],109000000 [6422],109000000 [6422],,,,,,,VOLCANIC ROCK,,,,,WHOLE_ROCK [6422] ,212682.92500000002,11866.931999999999,,86797.16399999999,,83088.72,17411.52,,36020.88,28041.36,1084.2412000000002,,29885.4,17582.0109,785.5577999999999,,,,,,,,,,,,,,,,,,,,,,,,,,,,,,,,,,,,,,,,,,,,,,,,,,,,178,153,,,,,,32,175,,,,,,,,,,,,,,,,,,,,,,,,,,,,,,,,,,,,,,,,,,,,,,,,,,,,,,,,,,,,,,,,,,,,,143750,
[6422],OCEANIC PLATEAU,BERMUDA RISE / BERMUDA RISE / SITE 417 / ATLANTIC OCEAN,HOLE 417A,25.112,25.112,-68.047,-68.047,SUBAQUATIC,-5478,-5478,"s 51-417A-28-5-2,117-135 [6422]",BASALT [6422],109000000 [6422],109000000 [6422],,,,,,,VOLCANIC ROCK,,,,,WHOLE_ROCK [6422] ,207541.14,8570.562,,95529.8055,,46090.46,19898.88,,66467.1,22433.088,1006.7954,,19425.51,17062.711,698.2736,,,,,,,,,,,,,,,,,,,,,,,,,,,,,,,,,,,,,,,,,,,,,,,,,,,,82,156,,,,,,18,143,,,,,,,,,,,,,,,,,,,,,,,,,,,,,,,,,,,,,,,,,,,,,,,,,,,,,,,,,,,,,,,,,,,,,143751,
[6422],OCEANIC PLATEAU,BERMUDA RISE / BERMUDA RISE / SITE 417 / ATLANTIC OCEAN,HOLE 417A,25.112,25.112,-68.047,-68.047,SUBAQUATIC,-5478,-5478,"s 51-417A-29-1-1,57-65 [6422]",BASALT [6422],109000000 [6422],109000000 [6422],,,,,,,VOLCANIC ROCK,,,,,WHOLE_ROCK [6422] ,220629.32000000004,8390.759999999998,,86691.3138,,48818.12,27360.96,,70755.3,33468.719999999994,1161.687,,10044.815,19288.282,741.9157,,,,,,,,,,,,,,,,,,,,,,,,,,,,,,,,,,,,,,,,,,,,,,,,,,,,90,127,,,,,,17,109,,,,,,,,,,,,,,,,,,,,,,,,,,,,,,,,,,,,,,,,,,,,,,,,,,,,,,,,,,,,,,,,,,,,,143752,
[6422],OCEANIC PLATEAU,BERMUDA RISE / BERMUDA RISE / SITE 417 / ATLANTIC OCEAN,HOLE 417A,25.112,25.112,-68.047,-68.047,SUBAQUATIC,-5478,-5478,"s 51-417A-29-1-2,92-95 [6422]",BASALT [6422],109000000 [6422],109000000 [6422],,,,,,,VOLCANIC ROCK,,,,,WHOLE_ROCK [6422] ,207073.70500000002,8990.099999999999,,97382.184,,22800.44,34201.200000000004,,101058.58,42092.192,1239.1328,,3818.69,17211.0824,741.9157,,,,,,,,,,,,,,,,,,,,,,,,,,,,,,,,,,,,,,,,,,,,,,,,,,,,84,,,,,,,,126,,,,,,,,,,,,,,,,,,,,,,,,,,,,,,,,,,,,,,,,,,,,,,,,,,,,,,,,,,,,,,,,,,,,,143753,
[6422],OCEANIC PLATEAU,BERMUDA RISE / BERMUDA RISE / SITE 417 / ATLANTIC OCEAN,HOLE 417A,25.112,25.112,-68.047,-68.047,SUBAQUATIC,-5478,-5478,"s 51-417A-29-3-2,20-25 [6422]",BASALT [6422],109000000 [6422],109000000 [6422],,,,,,,VOLCANIC ROCK,,,,,WHOLE_ROCK [6422] ,221096.755,7611.6179999999995,,99234.5625,,20912.06,21142.56,,80689.62999999999,34855.712,1006.7954,,7471.35,16024.111200000001,480.0631,,21400.,13100.,,11100.000000000002,,,,,,,,,,,,,,,,,,,,,,,,,,,,,,,,,,,,,,,,,,,,,,,150,120,,,,,,6,104,,,,,,,,,,,,,,,,,,,,,,,,,,,,,,,,,,,,,,,,,,,,,,,,,,,,,,,,,,,,,,,,,,,,,143754,
[6422],OCEANIC PLATEAU,BERMUDA RISE / BERMUDA RISE / SITE 417 / ATLANTIC OCEAN,HOLE 417A,25.112,25.112,-68.047,-68.047,SUBAQUATIC,-5478,-5478,"s 51-417A-29-3-6,69-78 [6422]",BASALT [6422],109000000 [6422],109000000 [6422],,,,,,,VOLCANIC ROCK,,,,,WHOLE_ROCK [6422] ,210345.75000000003,9169.902,,90501.92100000002,,49027.939999999995,27982.8,,72542.05,34916.015999999996,1084.2412000000002,,12950.34,16765.9682,741.9157,,26100.,4900.,,12900.,,,,,,,,,,,,,,,,,,,,,,,,,,,,,,,,,,,,,,,,,,,,,,,75,142,,,,,,17,142,,,,,,,,,,,,,,,,,,,,,,,,,,,,,,,,,,,,,,,,,,,,,,,,,,,,,,,,,,,,,,,,,,,,,143755,
[6422],OCEANIC PLATEAU,BERMUDA RISE / BERMUDA RISE / SITE 417 / ATLANTIC OCEAN,HOLE 417A,25.112,25.112,-68.047,-68.047,SUBAQUATIC,-5478,-5478,"s 51-417A-29-3-7,69-78 [6422]",BASALT [6422],109000000 [6422],109000000 [6422],,,,,,,VOLCANIC ROCK,,,,,WHOLE_ROCK [6422] ,210345.75000000003,11567.261999999999,,76741.395,,67911.74,31092,,58105.11000000001,33468.719999999994,1239.1328,,25900.68,17062.711,829.1999000000001,,28500.,4700.,,15300.,,,,,,,,,,,,,,,,,,,,,,,,,,,,,,,,,,,,,,,,,,,,,,,141,158,,,,,,22,189,,,,,,,,,,,,,,,,,,,,,,,,,,,,,,,,,,,,,,,,,,,,,,,,,,,,,,,,,,,,,,,,,,,,,143756,
[6422],OCEANIC PLATEAU,BERMUDA RISE / BERMUDA RISE / SITE 417 / ATLANTIC OCEAN,HOLE 417A,25.112,25.112,-68.047,-68.047,SUBAQUATIC,-5478,-5478,"s 51-417A-29-3-8,69-78 [6422]",BASALT [6422],109000000 [6422],109000000 [6422],,,,,,,VOLCANIC ROCK,,,,,WHOLE_ROCK [6422] ,224836.23500000002,9409.637999999999,,93836.2023,,58469.84,12048.15,,23227.75,15136.303999999998,542.1206000000001,,22081.99,37241.221399999995,480.0631,,,,,,,,,,,,,,,,,,,,,,,,,,,,,,,,,,,,,,,,,,,,,,,,,,,25,,58,,,,,,27,135,26,99,,,,,,,,,,,,,,,,,,,,,,,,,,,,,,,,,,,,,,,,,,,,,,,,,,,,,,,,,,,,,,,,,,,143757,
[6422],OCEANIC PLATEAU,BERMUDA RISE / BERMUDA RISE / SITE 417 / ATLANTIC OCEAN,HOLE 417A,25.112,25.112,-68.047,-68.047,SUBAQUATIC,-5478,-5478,"s 51-417A-30-3-1,41-43 [6422]",BASALT [6422],109000000 [6422],109000000 [6422],,,,,,,VOLCANIC ROCK,,,,,WHOLE_ROCK [6422] ,207541.14,7791.42,,89178.79350000001,,29025.100000000002,28604.640000000003,,90338.08,28041.36,1006.7954,,7056.275,14466.2115,1265.6209,,,,,,,,,,,,,,,,,,,,,,,,,,,,,,,,,,,,,,,,,,,,,,,,,,,,85,,,,,,,101,41,,,,,,,,,,,,,,,,,,,,,,,,,,,,,,,,,,,,,,,,,,,,,,,,,,,,,,,,,,,,,,,,,,,,,143758,
[6422],OCEANIC PLATEAU,BERMUDA RISE / BERMUDA RISE / SITE 417 / ATLANTIC OCEAN,HOLE 417A,25.112,25.112,-68.047,-68.047,SUBAQUATIC,-5478,-5478,"s 51-417A-30-4-1,112-118 [6422]",BASALT [6422],109000000 [6422],109000000 [6422],,,,,,,VOLCANIC ROCK,,,,,WHOLE_ROCK [6422] ,224368.80000000002,8990.099999999999,,90501.92100000002,,81689.92,3109.2000000000003,,12364.31,23337.648,309.7832,,24572.44,8531.3555,0.,,,,,,,,,,,,,,,,,,,,,,,,,,,,,,,,,,,,,,,,,,,,,,,,,,,,150,210,,,,,,66,52,,,,,,,,,,,,,,,,,,,,,,,,,,,,,,,,,,,,,,,,,,,,,,,,,,,,,,,,,,,,,,,,,,,,,143759,
[6422],OCEANIC PLATEAU,BERMUDA RISE / BERMUDA RISE / SITE 417 / ATLANTIC OCEAN,HOLE 417A,25.112,25.112,-68.047,-68.047,SUBAQUATIC,-5478,-5478,"s 51-417A-31-1-1,105-117 [6422]",BASALT [6422],109000000 [6422],109000000 [6422],,,,,,,VOLCANIC ROCK,,,,,WHOLE_ROCK [6422] ,229510.58500000002,8750.364,,92618.925,,77913.16,3109.2000000000003,,13221.95,24905.551999999996,309.7832,,32790.925,8457.1698,0.,,,,,,,,,,,,,,,,,,,,,,,,,,,,,,,,,,,,,,,,,,,,,,,,,,,,72,200,,,,,,62,50,,,,,,,,,,,,,,,,,,,,,,,,,,,,,,,,,,,,,,,,,,,,,,,,,,,,,,,,,,,,,,,,,,,,,143760,
[6422],OCEANIC PLATEAU,BERMUDA RISE / BERMUDA RISE / SITE 417 / ATLANTIC OCEAN,HOLE 417A,25.112,25.112,-68.047,-68.047,SUBAQUATIC,-5478,-5478,"s 51-417A-31-5-1,88-101 [6422]",BASALT [6422],109000000 [6422],109000000 [6422],,,,,,,VOLCANIC ROCK,,,,,WHOLE_ROCK [6422] ,212682.92500000002,11687.13,,78064.5225,,84207.76,31092,,45026.1,33468.719999999994,1471.4702,,21334.855,9273.2125,741.9157,,44200.,2600.,,23400.,,,,,,,,,,,,,,,,,,,,,,,,,,,,,,,,,,,,,,,,,,,,,,,90,160,,,,,,22,145,,,,,,,,,,,,,,,,,,,,,,,,,,,,,,,,,,,,,,,,,,,,,,,,,,,,,,,,,,,,,,,,,,,,,143761,
[6422],OCEANIC PLATEAU,BERMUDA RISE / BERMUDA RISE / SITE 417 / ATLANTIC OCEAN,HOLE 417A,25.112,25.112,-68.047,-68.047,SUBAQUATIC,-5478,-5478,"s 51-417A-31-5-2,88-101 [6422]",BASALT [6422],109000000 [6422],109000000 [6422],,,,,,,VOLCANIC ROCK,,,,,WHOLE_ROCK [6422] ,216422.405,7611.6179999999995,,94735.92899999999,,39096.46,22386.239999999998,,75686.73,29428.352,1006.7954,,12203.205,16098.2969,785.5577999999999,,,,,,,,,,,,,,,,,,,,,,,,,,,,,,,,,,,,,,,,,,,,,,,,,,,,85,102,,,,,,19,102,,,,,,,,,,,,,,,,,,,,,,,,,,,,,,,,,,,,,,,,,,,,,,,,,,,,,,,,,,,,,,,,,,,,,143762,
[6422],OCEANIC PLATEAU,BERMUDA RISE / BERMUDA RISE / SITE 417 / ATLANTIC OCEAN,HOLE 417A,25.112,25.112,-68.047,-68.047,SUBAQUATIC,-5478,-5478,"s 51-417A-31-5-3,88-101 [6422]",BASALT [6422],109000000 [6422],109000000 [6422],,,,,,,VOLCANIC ROCK,,,,,WHOLE_ROCK [6422] ,208569.497,8330.826,,88649.54250000001,,35319.7,21142.56,,75758.2,30272.607999999997,1006.7954,,8052.455,14169.4687,785.5577999999999,,32800.,11000.,,22300.,,,,,,,,,,,,,,,,,,,,,,,,,,,,,,,,,,,,,,,,,,,,,,,83,135,,,,,,16,121,,,,,,,,,,,,,,,,,,,,,,,,,,,,,,,,,,,,,,,,,,,,,,,,,,,,,,,,,,,,,,,,,,,,,143763,
[6422],OCEANIC PLATEAU,BERMUDA RISE / BERMUDA RISE / SITE 417 / ATLANTIC OCEAN,HOLE 417A,25.112,25.112,-68.047,-68.047,SUBAQUATIC,-5478,-5478,"s 51-417A-33-3-1,62-72 [6422]",BASALT [6422],109000000 [6422],109000000 [6422],,,,,,,VOLCANIC ROCK,,,,,WHOLE_ROCK [6422] ,219694.45,8870.232,,87326.41500000001,,58609.72000000001,29226.48,,90052.2,30393.215999999997,1161.687,,10957.980000000001,19881.7676,698.2736,,,,,,,,,,,,,,,,,,,,,,,,,,,,,,,,,,,,,,,,,,,,,,,,,,,,74,149,,,,,,16,124,,,,,,,,,,,,,,,,,,,,,,,,,,,,,,,,,,,,,,,,,,,,,,,,,,,,,,,,,,,,,,,,,,,,,143764,
[6422],OCEANIC PLATEAU,BERMUDA RISE / BERMUDA RISE / SITE 417 / ATLANTIC OCEAN,HOLE 417A,25.112,25.112,-68.047,-68.047,SUBAQUATIC,-5478,-5478,"s 51-417A-33-3-2,75-95 [6422]",BASALT [6422],109000000 [6422],109000000 [6422],,,,,,,VOLCANIC ROCK,,,,,WHOLE_ROCK [6422] ,211280.62000000002,7192.079999999999,,89178.79350000001,,24618.88,26739.12,,81690.20999999999,28945.92,1161.687,,6973.259999999999,14466.2115,523.7052,,,,,,,,,,,,,,,,,,,,,,,,,,,,,,,,,,,,,,,,,,,,,,,,,,,,97,140,,,,,,8,125,,,,,,,,,,,,,,,,,,,,,,,,,,,,,,,,,,,,,,,,,,,,,,,,,,,,,,,,,,,,,,,,,,,,,143765,
[6422],OCEANIC PLATEAU,BERMUDA RISE / BERMUDA RISE / SITE 417 / ATLANTIC OCEAN,HOLE 417A,25.112,25.112,-68.047,-68.047,SUBAQUATIC,-5478,-5478,"s 51-417A-34-3-1,2-4 [6422]",BASALT [6422],109000000 [6422],109000000 [6422],,,,,,,VOLCANIC ROCK,,,,,WHOLE_ROCK [6422] ,215020.1,8990.099999999999,,84150.909,,33781.020000000004,40419.6,,86049.87999999999,29428.352,1161.687,,4067.735,17062.711,829.1999000000001,,13200.,1900.,,7100.,,,,,,,,,,,,,,,,,,,,,,,,,,,,,,,,,,,,,,,,,,,,,,,116,,,,,,,20,127,,,,,,,,,,,,,,,,,,,,,,,,,,,,,,,,,,,,,,,,,,,,,,,,,,,,,,,,,,,,,,,,,,,,,143766,
[6422],OCEANIC PLATEAU,BERMUDA RISE / BERMUDA RISE / SITE 417 / ATLANTIC OCEAN,HOLE 417A,25.112,25.112,-68.047,-68.047,SUBAQUATIC,-5478,-5478,"s 51-417A-34-3-2,12-15 [6422]",BASALT [6422],109000000 [6422],109000000 [6422],,,,,,,VOLCANIC ROCK,,,,,WHOLE_ROCK [6422] ,224368.80000000002,8270.891999999998,,84415.5345,,22380.800000000003,38554.08,,80046.4,37750.304,1548.9160000000002,,581.105,14911.325699999998,567.3473,,13200.,2600.,,8200.,,,,,,,,,,,,,,,,,,,,,,,,,,,,,,,,,,,,,,,,,,,,,,,95,138,,,,,,4,115,,,,,,,,,,,,,,,,,,,,,,,,,,,,,,,,,,,,,,,,,,,,,,,,,,,,,,,,,,,,,,,,,,,,,143767,
[6422],OCEANIC PLATEAU,BERMUDA RISE / BERMUDA RISE / SITE 417 / ATLANTIC OCEAN,HOLE 417A,25.112,25.112,-68.047,-68.047,SUBAQUATIC,-5478,-5478,"s 51-417A-34-3-3,31-34 [6422]",BASALT [6422],109000000 [6422],109000000 [6422],,,,,,,VOLCANIC ROCK,,,,,WHOLE_ROCK [6422] ,222499.06000000003,8570.562,,84944.78550000001,,22031.1,48503.520000000004,,90409.55,31237.471999999998,1316.5786,,747.135,16098.2969,610.9894,,,,,,,,,,,,,,,,,,,,,,,,,,,,,,,,,,,,,,,,,,,,,,,,,,,,71,,,,,,,,114,,,,,,,,,,,,,,,,,,,,,,,,,,,,,,,,,,,,,,,,,,,,,,,,,,,,,,,,,,,,,,,,,,,,,143768,
[6422],OCEANIC PLATEAU,BERMUDA RISE / BERMUDA RISE / SITE 417 / ATLANTIC OCEAN,HOLE 417A,25.112,25.112,-68.047,-68.047,SUBAQUATIC,-5478,-5478,"s 51-417A-34-6-1,48-56 [6422]",BASALT [6422],109000000 [6422],109000000 [6422],,,,,,,VOLCANIC ROCK,,,,,WHOLE_ROCK [6422] ,220629.32000000004,8270.891999999998,,87220.56480000001,,47419.32,31402.920000000002,,78831.40999999999,38715.168,1316.5786,,5312.96,15578.997,610.9894,,18100.,1800.,,8500.,,,,,,,,,,,,,,,,,,,,,,,,,,,,,,,,,,,,,,,,,,,,,,50,,91,,,,,,15,113,30,88,,,,,,,,,,,,,,,,,,,,,,,,,,,,,,,,,,,,,,,,,,,,,,,,,,,,,,,,,,,,,,,,,,,143769,
[6422],OCEANIC PLATEAU,BERMUDA RISE / BERMUDA RISE / SITE 417 / ATLANTIC OCEAN,HOLE 417A,25.112,25.112,-68.047,-68.047,SUBAQUATIC,-5478,-5478,"s 51-417A-34-6-2,48-56 [6422]",BASALT [6422],109000000 [6422],109000000 [6422],,,,,,,VOLCANIC ROCK,,,,,WHOLE_ROCK [6422] ,224882.97850000003,8930.166,,96641.23260000002,,42033.939999999995,17722.44,,65109.17,24905.551999999996,619.5664,,21666.914999999997,16320.854000000001,2182.105,,24200.,5900.,,11000.,,,,,,,,,,,,,,,,,,,,,,,,,,,,,,,,,,,,,,,,,,,,,,21,,85,,,,,,30,142,45,83,,,,,,,,,,,,,,,,,,,,,,,,,,,,,,,,,,,,,,,,,,,,,,,,,,,,,,,,,,,,,,,,,,,143770,
[6422],OCEANIC PLATEAU,BERMUDA RISE / BERMUDA RISE / SITE 417 / ATLANTIC OCEAN,HOLE 417A,25.112,25.112,-68.047,-68.047,SUBAQUATIC,-5478,-5478,"s 51-417A-35-5-1,141-149 [6422]",BASALT [6422],109000000 [6422],109000000 [6422],,,,,,,VOLCANIC ROCK,,,,,WHOLE_ROCK [6422] ,200997.05000000002,9469.572,,89443.419,,50566.62,27360.96,,81475.8,26714.671999999995,1161.687,,9463.71,21142.9245,2094.8208,,,,,,,,,,,,,,,,,,,,,,,,,,,,,,,,,,,,,,,,,,,,,,,,,,,,69,139,,,,,,16,125,,,,,,,,,,,,,,,,,,,,,,,,,,,,,,,,,,,,,,,,,,,,,,,,,,,,,,,,,,,,,,,,,,,,,143771,
[6422],OCEANIC PLATEAU,BERMUDA RISE / BERMUDA RISE / SITE 417 / ATLANTIC OCEAN,HOLE 417A,25.112,25.112,-68.047,-68.047,SUBAQUATIC,-5478,-5478,"s 51-417A-36-1-1,87-101 [6422]",BASALT [6422],109000000 [6422],109000000 [6422],,,,,,,VOLCANIC ROCK,,,,,WHOLE_ROCK [6422] ,201931.92000000004,8031.156,,89443.419,,48398.479999999996,28604.640000000003,,78831.40999999999,26714.671999999995,1006.7954,,9961.8,18991.5392,1003.7683000000001,,,,,,,,,,,,,,,,,,,,,,,,,,,,,,,,,,,,,,,,,,,,,,,,,,,,70,120,,,,,,19,126,,,,,,,,,,,,,,,,,,,,,,,,,,,,,,,,,,,,,,,,,,,,,,,,,,,,,,,,,,,,,,,,,,,,,143772,
[6422],OCEANIC PLATEAU,BERMUDA RISE / BERMUDA RISE / SITE 417 / ATLANTIC OCEAN,HOLE 417A,25.112,25.112,-68.047,-68.047,SUBAQUATIC,-5478,-5478,"s 51-417A-37-1-1,36-39 [6422]",BASALT [6422],109000000 [6422],109000000 [6422],,,,,,,VOLCANIC ROCK,,,,,WHOLE_ROCK [6422] ,215954.97000000003,7491.75,,87061.7895,,19723.079999999998,49747.200000000004,,91124.25,36182.399999999994,1239.1328,,830.1500000000001,15059.697099999998,654.6315,,,,,,,,,,,,,,,,,,,,,,,,,,,,,,,,,,,,,,,,,,,,,,,,,,,,69,,,,,,,1,97,,,,,,,,,,,,,,,,,,,,,,,,,,,,,,,,,,,,,,,,,,,,,,,,,,,,,,,,,,,,,,,,,,,,,143773,
[6422],OCEANIC PLATEAU,BERMUDA RISE / BERMUDA RISE / SITE 417 / ATLANTIC OCEAN,HOLE 417A,25.112,25.112,-68.047,-68.047,SUBAQUATIC,-5478,-5478,"s 51-417A-37-3-1,82-100 [6422]",BASALT [6422],109000000 [6422],109000000 [6422],,,,,,,VOLCANIC ROCK,,,,,WHOLE_ROCK [6422] ,216422.405,9289.77,,89972.67,,49447.58,27283.23,,85764,22915.519999999997,1394.0244,,7886.424999999999,14837.14,3054.9469999999997,,,,,,,,,,,,,,,,,,,,,,,,,,,,,,,,,,,,,,,,,,,,,,,,,,,,158,188,,,,,,17,130,,,,,,,,,,,,,,,,,,,,,,,,,,,,,,,,,,,,,,,,,,,,,,,,,,,,,,,,,,,,,,,,,,,,,143774,
[6422],OCEANIC PLATEAU,BERMUDA RISE / BERMUDA RISE / SITE 417 / ATLANTIC OCEAN,HOLE 417A,25.112,25.112,-68.047,-68.047,SUBAQUATIC,-5478,-5478,"s 51-417A-37-5-1,90-103 [6422]",BASALT [6422],109000000 [6422],109000000 [6422],,,,,,,VOLCANIC ROCK,,,,,WHOLE_ROCK [6422] ,228575.71500000003,8870.232,,95794.43100000001,,67911.74,12436.800000000001,,63822.71,12844.751999999999,619.5664,,15689.835,19881.7676,1221.9788,,,,,,,,,,,,,,,,,,,,,,,,,,,,,,,,,,,,,,,,,,,,,,,,,,,,69,148,,,,,,23,143,,,,,,,,,,,,,,,,,,,,,,,,,,,,,,,,,,,,,,,,,,,,,,,,,,,,,,,,,,,,,,,,,,,,,143775,
[6422],OCEANIC PLATEAU,BERMUDA RISE / BERMUDA RISE / SITE 417 / ATLANTIC OCEAN,HOLE 417A,25.112,25.112,-68.047,-68.047,SUBAQUATIC,-5478,-5478,"s 51-417A-37-5-2,90-103 [6422]",BASALT [6422],109000000 [6422],109000000 [6422],,,,,,,VOLCANIC ROCK,,,,,WHOLE_ROCK [6422] ,214085.23,8930.166,,86691.3138,,48888.060000000005,29848.32,,91124.25,23518.559999999998,1084.2412000000002,,8135.47,16469.2254,785.5577999999999,,,,,,,,,,,,,,,,,,,,,,,,,,,,,,,,,,,,,,,,,,,,,,,,,,,,107,153,,,,,,17,134,,,,,,,,,,,,,,,,,,,,,,,,,,,,,,,,,,,,,,,,,,,,,,,,,,,,,,,,,,,,,,,,,,,,,143776,
[6422],OCEANIC PLATEAU,BERMUDA RISE / BERMUDA RISE / SITE 417 / ATLANTIC OCEAN,HOLE 417A,25.112,25.112,-68.047,-68.047,SUBAQUATIC,-5478,-5478,"s 51-417A-38-8-1,41-55 [6422]",BASALT [6422],109000000 [6422],109000000 [6422],,,,,,,VOLCANIC ROCK,,,,,WHOLE_ROCK [6422] ,209410.88,11806.998,,81769.2795,,82039.62000000001,6684.78,,26443.9,17488.16,542.1206000000001,,14029.535,24332.9096,1134.6946,,75400.,4400.,,31700.,,,,,,,,,,,,,,,,,,,,,,,,,,,,,,,,,,,,,,,,,,,,,,,107,168,,,,,,33,420,,,,,,,,,,,,,,,,,,,,,,,,,,,,,,,,,,,,,,,,,,,,,,,,,,,,,,,,,,,,,,,,,,,,,143777,
[6422],OCEANIC PLATEAU,BERMUDA RISE / BERMUDA RISE / SITE 417 / ATLANTIC OCEAN,HOLE 417A,25.112,25.112,-68.047,-68.047,SUBAQUATIC,-5478,-5478,"s 51-417A-38-8-2,41-55 [6422]",BASALT [6422],109000000 [6422],109000000 [6422],,,,,,,VOLCANIC ROCK,,,,,WHOLE_ROCK [6422] ,208476.01,7431.816,,88649.54250000001,,42383.64,28604.640000000003,,75472.32,26051.328,1084.2412000000002,,6724.215,16172.482600000001,2836.7365,,25200.,16800.,,4800.,,,,,,,,,,,,,,,,,,,,,,,,,,,,,,,,,,,,,,,,,,,,,,,77,210,,,,,,16,125,,,,,,,,,,,,,,,,,,,,,,,,,,,,,,,,,,,,,,,,,,,,,,,,,,,,,,,,,,,,,,,,,,,,,143778,
[6422],OCEANIC PLATEAU,BERMUDA RISE / BERMUDA RISE / SITE 417 / ATLANTIC OCEAN,HOLE 417A,25.112,25.112,-68.047,-68.047,SUBAQUATIC,-5478,-5478,"s 51-417A-40-5-1,23-33 [6422]",BASALT [6422],109000000 [6422],109000000 [6422],,,,,,,VOLCANIC ROCK,,,,,WHOLE_ROCK [6422] ,215020.1,8990.099999999999,,85209.41100000001,,45740.76,32335.68,,93268.35,22010.96,1084.2412000000002,,6309.14,20623.6246,741.9157,,,,,,,,,,,,,,,,,,,,,,,,,,,,,,,,,,,,,,,,,,,,,,,,,,,,107,146,,,,,,14,117,,,,,,,,,,,,,,,,,,,,,,,,,,,,,,,,,,,,,,,,,,,,,,,,,,,,,,,,,,,,,,,,,,,,,143779,
[6422],OCEANIC PLATEAU,BERMUDA RISE / BERMUDA RISE / SITE 417 / ATLANTIC OCEAN,HOLE 417A,25.112,25.112,-68.047,-68.047,SUBAQUATIC,-5478,-5478,"s 51-417A-40-5-2,23-33 [6422]",BASALT [6422],109000000 [6422],109000000 [6422],,,,,,,VOLCANIC ROCK,,,,,WHOLE_ROCK [6422] ,220629.32000000004,9349.704,,89972.67,,57910.31999999999,27360.96,,81475.8,17005.728,697.0122,,10542.905,17285.2681,480.0631,,,,,,,,,,,,,,,,,,,,,,,,,,,,,,,,,,,,,,,,,,,,,,,,,,,,90,160,,,,,,18,115,,,,,,,,,,,,,,,,,,,,,,,,,,,,,,,,,,,,,,,,,,,,,,,,,,,,,,,,,,,,,,,,,,,,,143780,
[6422],OCEANIC PLATEAU,BERMUDA RISE / BERMUDA RISE / SITE 417 / ATLANTIC OCEAN,HOLE 417A,25.112,25.112,-68.047,-68.047,SUBAQUATIC,-5478,-5478,"s 51-417A-42-1-1,36-55 [6422]",BASALT [6422],109000000 [6422],109000000 [6422],,,,,,,VOLCANIC ROCK,,,,,WHOLE_ROCK [6422] ,217824.71000000002,8870.232,,83621.65800000001,,40984.840000000004,28604.640000000003,,78259.65,27498.623999999996,929.3496,,5811.049999999999,16691.7825,829.1999000000001,,16000.,4400.,,9700.,,,,,,,,,,,,,,,,,,,,,,,,,,,,,,,,,,,,,,,,,,,,,,,62,172,,,,,,13,115,,,,,,,,,,,,,,,,,,,,,,,,,,,,,,,,,,,,,,,,,,,,,,,,,,,,,,,,,,,,,,,,,,,,,143781,
[6422],OCEANIC PLATEAU,BERMUDA RISE / BERMUDA RISE / SITE 417 / ATLANTIC OCEAN,HOLE 417A,25.112,25.112,-68.047,-68.047,SUBAQUATIC,-5478,-5478,"s 51-417A-42-1-2,66-74 [6422]",BASALT [6422],109000000 [6422],109000000 [6422],,,,,,,VOLCANIC ROCK,,,,,WHOLE_ROCK [6422] ,220629.32000000004,10368.581999999999,,93942.0525,,66792.70000000001,18655.2,,69683.25,19900.319999999996,7125.0136,,12037.175,21736.4101,1483.8314,,20800.,2200.,,10400.,,,,,,,,,,,,,,,,,,,,,,,,,,,,,,,,,,,,,,,,,,,,,,,83,137,,,,,,22,127,,,,,,,,,,,,,,,,,,,,,,,,,,,,,,,,,,,,,,,,,,,,,,,,,,,,,,,,,,,,,,,,,,,,,143782,
[6422],OCEANIC PLATEAU,BERMUDA RISE / BERMUDA RISE / SITE 417 / ATLANTIC OCEAN,HOLE 417A,25.112,25.112,-68.047,-68.047,SUBAQUATIC,-5478,-5478,"s 51-417A-43-3-1,84-86 [6422]",BASALT [6422],109000000 [6422],109000000 [6422],,,,,,,VOLCANIC ROCK,,,,,WHOLE_ROCK [6422] ,224555.774,8091.09,,82298.53050000001,,15596.619999999999,57209.280000000006,,92482.18,35277.84,1316.5786,,913.165,15801.5541,829.1999000000001,,10500.,3200.,,7300.,,,,,,,,,,,,,,,,,,,,,,,,,,,,,,,,,,,,,,,,,,,,,,,88,,,,,,,5,96,,,,,,,,,,,,,,,,,,,,,,,,,,,,,,,,,,,,,,,,,,,,,,,,,,,,,,,,,,,,,,,,,,,,,143783,
[6422],OCEANIC PLATEAU,BERMUDA RISE / BERMUDA RISE / SITE 417 / ATLANTIC OCEAN,HOLE 417A,25.112,25.112,-68.047,-68.047,SUBAQUATIC,-5478,-5478,"s 51-417A-44-3-1,105-112 [6422]",BASALT [6422],109000000 [6422],109000000 [6422],,,,,,,VOLCANIC ROCK,,,,,WHOLE_ROCK [6422] ,233717.50000000003,8870.232,,83886.2835,,22031.1,48503.520000000004,,83905.78,38473.952,1161.687,,996.18,17136.8967,698.2736,,14300.,0,,2900.,,,,,,,,,,,,,,,,,,,,,,,,,,,,,,,,,,,,,,,,,,,,,,,,,,,,,,5,107,,,,,,,,,,,,,,,,,,,,,,,,,,,,,,,,,,,,,,,,,,,,,,,,,,,,,,,,,,,,,,,,,,,,,143784,
[6422],OCEANIC PLATEAU,BERMUDA RISE / BERMUDA RISE / SITE 417 / ATLANTIC OCEAN,HOLE 417A,25.112,25.112,-68.047,-68.047,SUBAQUATIC,-5478,-5478,"s 51-417A-44-4-1,19-21 [6422]",BASALT [6422],109000000 [6422],109000000 [6422],,,,,,,VOLCANIC ROCK,,,,,WHOLE_ROCK [6422] ,216889.84,9589.44,,78858.399,,19583.199999999997,54721.92,,84977.83,39378.512,1316.5786,,1079.195,16320.854000000001,654.6315,,9000.,1400.0000000000002,,6400.,,,,,,,,,,,,,,,,,,,,,,,,,,,,,,,,,,,,,,,,,,,,,,,116,,,,,,,5,104,,,,,,,,,,,,,,,,,,,,,,,,,,,,,,,,,,,,,,,,,,,,,,,,,,,,,,,,,,,,,,,,,,,,,143785,
[6422],OCEANIC PLATEAU,BERMUDA RISE / BERMUDA RISE / SITE 417 / ATLANTIC OCEAN,HOLE 417D,25.112,25.112,-68.047,-68.047,SUBAQUATIC,-5489,-5489,"s 52-417D-26-7-1,14-17 [6422]",BASALT [6422],109000000 [6422],109000000 [6422],,,,,,,VOLCANIC ROCK,,,,,WHOLE_ROCK [6422] ,224368.80000000002,8990.099999999999,,83092.407,,34200.659999999996,34823.04,,85764,35277.84,1239.1328,,581.105,20846.1817,567.3473,,28800.,3300.,,8400.,,,,,,,,,,,,,,,,,,,,,,,,,,,,,,,,,,,,,,,,,,,,,,,95,134,,,,,,4,118,,,,,,,,,,,,,,,,,,,,,,,,,,,,,,,,,,,,,,,,,,,,,,,,,,,,,,,,,,,,,,,,,,,,,143786,
[6422],OCEANIC PLATEAU,BERMUDA RISE / BERMUDA RISE / SITE 417 / ATLANTIC OCEAN,HOLE 417D,25.112,25.112,-68.047,-68.047,SUBAQUATIC,-5489,-5489,"s 52-417D-28-7-1,26-39 [6422]",BASALT [6422],109000000 [6422],109000000 [6422],,,,,,,VOLCANIC ROCK,,,,,WHOLE_ROCK [6422] ,215020.1,9169.902,,92089.674,,43292.86,5596.5599999999995,,61106.850000000006,22794.911999999997,542.1206000000001,,26398.77,22255.71,654.6315,,31900.,10100.,,28200.,,,,,,,,,,,,,,,,,,,,,,,,,,,,,,,,,,,,,,,,,,,,,,,71,150,,,,,,18,141,,,,,,,,,,,,,,,,,,,,,,,,,,,,,,,,,,,,,,,,,,,,,,,,,,,,,,,,,,,,,,,,,,,,,143787,
[6422],OCEANIC PLATEAU,BERMUDA RISE / BERMUDA RISE / SITE 417 / ATLANTIC OCEAN,HOLE 417D,25.112,25.112,-68.047,-68.047,SUBAQUATIC,-5489,-5489,"s 52-417D-28-7-2,34-52 [6422]",BASALT [6422],109000000 [6422],109000000 [6422],,,,,,,VOLCANIC ROCK,,,,,WHOLE_ROCK [6422] ,212215.49000000002,8450.694,,86267.913,,34270.600000000006,24873.600000000002,,85764,31116.863999999998,1394.0244,,7222.305,14837.14,654.6315,,24100.,3600.,,18700.,,,,,,,,,,,,,,,,,,,,,,,,,,,,,,,,,,,,,,,,,,,,,,,76,140,,,,,,12,119,,,,,,,,,,,,,,,,,,,,,,,,,,,,,,,,,,,,,,,,,,,,,,,,,,,,,,,,,,,,,,,,,,,,,143788,
[6422],OCEANIC PLATEAU,BERMUDA RISE / BERMUDA RISE / SITE 417 / ATLANTIC OCEAN,HOLE 417D,25.112,25.112,-68.047,-68.047,SUBAQUATIC,-5489,-5489,"s 52-417D-31-4-1,82-85 [6422]",BASALT [6422],109000000 [6422],109000000 [6422],,,,,,,VOLCANIC ROCK,,,,,WHOLE_ROCK [6422] ,221377.21600000001,8390.759999999998,,87273.4899,,36508.68,36610.83,,89980.73,35338.144,1239.1328,,1494.27,16765.9682,567.3473,,28600.,0,,6200.,,,,,,,,,,,,,,,,,,,,,,,,,,,,,,,,,,,,,,,,,,,,,,105,,81,,,,,,11,120,37,83,,,,,,,,,,,,,,,,,,,,,,,,,,,,,,,,,,,,,,,,,,,,,,,,,,,,,,,,,,,,,,,,,,,143789,
[6422],OCEANIC PLATEAU,BERMUDA RISE / BERMUDA RISE / SITE 417 / ATLANTIC OCEAN,HOLE 417D,25.112,25.112,-68.047,-68.047,SUBAQUATIC,-5489,-5489,"s 52-417D-31-4-2,113-122 [6422]",BASALT [6422],109000000 [6422],109000000 [6422],,,,,,,VOLCANIC ROCK,,,,,WHOLE_ROCK [6422] ,214085.23,8930.166,,95794.43100000001,,48468.42,7462.08,,61464.2,29548.96,619.5664,,13531.445,17507.8252,654.6315,,42000.,0,,12400.,,,,,,,,,,,,,,,,,,,,,,,,,,,,,,,,,,,,,,,,,,,,,,,69,153,,,,,,12,130,,,,,,,,,,,,,,,,,,,,,,,,,,,,,,,,,,,,,,,,,,,,,,,,,,,,,,,,,,,,,,,,,,,,,143790,
[6422],OCEANIC PLATEAU,BERMUDA RISE / BERMUDA RISE / SITE 417 / ATLANTIC OCEAN,HOLE 417D,25.112,25.112,-68.047,-68.047,SUBAQUATIC,-5489,-5489,"s 52-417D-33-5-1,88-94 [6422]",BASALT [6422],109000000 [6422],109000000 [6422],,,,,,,VOLCANIC ROCK,,,,,WHOLE_ROCK [6422] ,221377.21600000001,8031.156,,83357.0325,,41894.060000000005,36066.719999999994,,81475.8,28584.096,1006.7954,,3652.66,15875.739800000001,567.3473,,16299.999999999998,700.0000000000001,,10200.,,,,,,,,,,,,,,,,,,,,,,,,,,,,,,,,,,,,,,,,,,,,,,,32,145,,,,,,14,113,,,,,,,,,,,,,,,,,,,,,,,,,,,,,,,,,,,,,,,,,,,,,,,,,,,,,,,,,,,,,,,,,,,,,143791,
[6422],OCEANIC PLATEAU,BERMUDA RISE / BERMUDA RISE / SITE 417 / ATLANTIC OCEAN,HOLE 417D,25.112,25.112,-68.047,-68.047,SUBAQUATIC,-5489,-5489,"s 52-417D-33-1-1,30-35 [6422]",BASALT [6422],109000000 [6422],109000000 [6422],,,,,,,VOLCANIC ROCK,,,,,WHOLE_ROCK [6422] ,215020.1,8390.759999999998,,80975.403,,27276.6,42285.12,,90052.2,31297.776,1316.5786,,1660.3000000000002,16765.9682,567.3473,,,,,,,,,,,,,,,,,,,,,,,,,,,,,,,,,,,,,,,,,,,,,,,,,,,,160,172,,,,,,10,145,,,,,,,,,,,,,,,,,,,,,,,,,,,,,,,,,,,,,,,,,,,,,,,,,,,,,,,,,,,,,,,,,,,,,143792,
[6422],OCEANIC PLATEAU,BERMUDA RISE / BERMUDA RISE / SITE 417 / ATLANTIC OCEAN,HOLE 417D,25.112,25.112,-68.047,-68.047,SUBAQUATIC,-5489,-5489,"s 52-417D-35-5-2,115-122 [6422]",BASALT [6422],109000000 [6422],109000000 [6422],,,,,,,VOLCANIC ROCK,,,,,WHOLE_ROCK [6422] ,222452.31650000004,7911.288,,89443.419,,33990.840000000004,38398.62,,88908.68,32805.376000000004,1006.7954,,5063.915,16988.5253,523.7052,,14300.,0,,11700.,,,,,,,,,,,,,,,,,,,,,,,,,,,,,,,,,,,,,,,,,,,,,,67,,77,,,,,,21,134,33,78,,,,,,,,,,,,,,,,,,,,,,,,,,,,,,,,,,,,,,,,,,,,,,,,,,,,,,,,,,,,,,,,,,,143793,
[6422],OCEANIC PLATEAU,BERMUDA RISE / BERMUDA RISE / SITE 417 / ATLANTIC OCEAN,HOLE 417D,25.112,25.112,-68.047,-68.047,SUBAQUATIC,-5489,-5489,"s 52-417D-50-2-1,19-23 [6422]",BASALT [6422],109000000 [6422],109000000 [6422],,,,,,,VOLCANIC ROCK,,,,,WHOLE_ROCK [6422] ,221330.47250000003,8390.759999999998,,77694.0468,,59518.939999999995,37621.32,,82976.67,34554.192,1239.1328,,4067.735,16765.9682,610.9894,,11900.,6899.999999999999,,6200.,,,,,,,,,,,,,,,,,,,,,,,,,,,,,,,,,,,,,,,,,,,,,,33,,89,,,,,,20,125,39,84,,,,,,,,,,,,,,,,,,,,,,,,,,,,,,,,,,,,,,,,,,,,,,,,,,,,,,,,,,,,,,,,,,,143794,
[6422],OCEANIC PLATEAU,BERMUDA RISE / BERMUDA RISE / SITE 417 / ATLANTIC OCEAN,HOLE 417D,25.112,25.112,-68.047,-68.047,SUBAQUATIC,-5489,-5489,"s 52-417D-50-2-3,19-23 [6422]",BASALT [6422],109000000 [6422],109000000 [6422],,,,,,,VOLCANIC ROCK,,,,,WHOLE_ROCK [6422] ,237784.1845,9889.109999999999,,72454.4619,,42243.76,41119.17,,76687.31,44383.744,774.4580000000001,,1494.27,18323.8679,741.9157,,9700.,5400.,,15400.,,,,,,,,,,,,,,,,,,,,,,,,,,,,,,,,,,,,,,,,,,,,,,4,,74,,,,,,6,54,21,,,,,,,,,,,,,,,,,,,,,,,,,,,,,,,,,,,,,,,,,,,,,,,,,,,,,,,,,,,,,,,,,,,,143795,
[6422],OCEANIC PLATEAU,BERMUDA RISE / BERMUDA RISE / SITE 417 / ATLANTIC OCEAN,HOLE 417D,25.112,25.112,-68.047,-68.047,SUBAQUATIC,-5489,-5489,"s 52-417D-59-2-2,19-23 [6422]",BASALT [6422],109000000 [6422],109000000 [6422],,,,,,,VOLCANIC ROCK,,,,,WHOLE_ROCK [6422] ,220629.32000000004,9409.637999999999,,82827.78150000001,,37907.479999999996,46638,,91124.25,34373.28,1394.0244,,4648.84,20994.5531,654.6315,,10400.,300.,,12800.,,,,,,,,,,,,,,,,,,,,,,,,,,,,,,,,,,,,,,,,,,,,,,,86,142,,,,,,12,107,,,,,,,,,,,,,,,,,,,,,,,,,,,,,,,,,,,,,,,,,,,,,,,,,,,,,,,,,,,,,,,,,,,,,143796,
[6422],OCEANIC PLATEAU,BERMUDA RISE / BERMUDA RISE / SITE 417 / ATLANTIC OCEAN,HOLE 417D,25.112,25.112,-68.047,-68.047,SUBAQUATIC,-5489,-5489,"s 52-417D-59-6-1,11-15 [6422]",BASALT [6422],109000000 [6422],109000000 [6422],,,,,,,VOLCANIC ROCK,,,,,WHOLE_ROCK [6422] ,222592.547,8151.024,,81240.0285,,56651.399999999994,29071.02,,66038.28,39981.551999999996,851.9038,,8384.515,18768.982099999997,523.7052,,,,,,,,,,,,,,,,,,,,,,,,,,,,,,,,,,,,,,,,,,,,,,,,,,,24,,88,,,,,,36,125,28,64,,,,,,,,,,,,,,,,,,,,,,,,,,,,,,,,,,,,,,,,,,,,,,,,,,,,,,,,,,,,,,,,,,,143797,
[6422],OCEANIC PLATEAU,BERMUDA RISE / BERMUDA RISE / SITE 417 / ATLANTIC OCEAN,HOLE 417D,25.112,25.112,-68.047,-68.047,SUBAQUATIC,-5489,-5489,"s 52-417D-62-6-1,62-68 [6422]",BASALT [6422],109000000 [6422],109000000 [6422],,,,,,,VOLCANIC ROCK,,,,,WHOLE_ROCK [6422] ,223854.6215,8510.627999999999,,90025.5951,,31473.,40497.33,,94197.45999999999,34433.583999999995,1161.687,,332.06,16543.411099999998,523.7052,,16100.000000000002,0,,2600.,,,,,,,,,,,,,,,,,,,,,,,,,,,,,,,,,,,,,,,,,,,,,,59,,70,,,,,,,128,34,78,,,,,,,,,,,,,,,,,,,,,,,,,,,,,,,,,,,,,,,,,,,,,,,,,,,,,,,,,,,,,,,,,,,143798,
[6422],OCEANIC PLATEAU,BERMUDA RISE / BERMUDA RISE / SITE 417 / ATLANTIC OCEAN,HOLE 417D,25.112,25.112,-68.047,-68.047,SUBAQUATIC,-5489,-5489,"s 52-417D-68-1-1,120-124 [6422]",BASALT [6422],109000000 [6422],109000000 [6422],,,,,,,VOLCANIC ROCK,,,,,WHOLE_ROCK [6422] ,233577.26950000002,8270.891999999998,,79123.0245,,30353.96,41119.17,,85692.53,43780.704,1394.0244,,498.09,16914.3396,567.3473,,14300.,0,,4000.,,,,,,,,,,,,,,,,,,,,,,,,,,,,,,,,,,,,,,,,,,,,,,66,,72,,,,,,,121,29,75,,,,,,,,,,,,,,,,,,,,,,,,,,,,,,,,,,,,,,,,,,,,,,,,,,,,,,,,,,,,,,,,,,,143799,
[2904],OCEANIC PLATEAU,BERMUDA RISE / BERMUDA RISE / SITE 386 / ATLANTIC OCEAN,,31.1868,31.1868,-64.249,-64.249,SUBAQUATIC,-4793,-4793,"s 43-386-66-2,128-132 [2904]",BASALT [2904],,,,,,,,,VOLCANIC ROCK,,,,,WHOLE_ROCK [2904] ,215581.022,6173.202,,71237.18460000001,,,,58841.61,81690.20999999999,53369.03999999999,619.5664,,747.135,15949.9255,567.3473,,39300.,48800.,,2000.,,,,,,,,,,,,,,,,,,,,,,,,,,,,,,,,,,,,,,,34,,188,412,,,38,157,68,84,,,,,,,146,24,95,,,,,,,,,,,,,,146,3.1,10.6,,8.52,3.2,0.987,,0.653,,0.756,,,1.5,0.244,1.16,0.33,,,,,,,,,,,,,,,,,,,,,,,,,,,,,,,,,,,,,219639,
[2904],OCEANIC PLATEAU,BERMUDA RISE / BERMUDA RISE / SITE 386 / ATLANTIC OCEAN,,31.1868,31.1868,-64.249,-64.249,SUBAQUATIC,-4793,-4793,"s 43-386-66,CC,13-15 [2904]",BASALT [2904],,,,,,,,,VOLCANIC ROCK,,,,,WHOLE_ROCK [2904] ,213103.61650000003,6952.343999999999,,78329.148,,,,63583.14,86121.35,43177.664,1316.5786,,913.165,19362.467699999997,523.7052,,32300.,44700.,,1600.,,,,,,,,,,,,,,,,,,,,,,,,,,,,,,,,,,,,,,,35,,152,346,,,26,152,56,79,,,,,,,195,34,114,,,,,,,,,,,,,,96,3.33,12.3,,11.9,4.2,1.3,,0.935,,1,,,2.1,0.333,1.34,,,,,,,,,,,,,,,,,,,,,,,,,,,,,,,,,,,,,,219640,
[2904],OCEANIC PLATEAU,BERMUDA RISE / BERMUDA RISE / SITE 386 / ATLANTIC OCEAN,,31.1868,31.1868,-64.249,-64.249,SUBAQUATIC,-4793,-4793,"s 43-386-66-1,1-4 [2904]",BASALT [2904],,,,,,,,,VOLCANIC ROCK,,,,,WHOLE_ROCK [2904] ,207354.16600000003,6592.74,,69067.25550000001,,,,78429.56999999999,79546.11,41428.848,697.0122,,1909.345,13798.5402,523.7052,,48800.,53600.,,9600.,,,,,,,,,,,,,,,,,,,,,,,,,,,,,,,,,,,,,,,32,,196,461,,,25,171,65,112,,,,,,,216,30,86,,,,,,,,,,,,,,161,3.96,14.2,,10.7,3.44,1.01,,0.818,,0.917,,,1.72,0.279,1.83,0.28,,,,,,,,,,,,,,,,,,,,,,,,,,,,,,,,,,,,,219641,
[2904],OCEANIC PLATEAU,BERMUDA RISE / BERMUDA RISE / SITE 387 / ATLANTIC OCEAN,,32.32,32.32,-67.67,-67.67,SUBAQUATIC,-5117,-5117,"s 43-387-50-2,134-137 [2904]",BASALT [2904],,,,,,,,,VOLCANIC ROCK,,,,,WHOLE_ROCK [2904] ,211701.3115,10848.054,,69437.7312,,,,82782.45,68682.67,61449.77599999999,1006.7954,,1826.33,18472.2393,1221.9788,,27599.999999999996,30400.,,7300.,,,,,,,,,,,,,,,,,,,,,,,,,,,,,,,,,,,,,,,37,,127,319,,,23,110,120,85,,,,,,,84,20,81,,,,,,,,,,,,,,111,3.04,8.77,,6.48,2.1,0.67,,0.517,,0.607,,,1.3,0.258,,,,,,,,,,,,,,,,,,,,,,,,,,,,,,,,,,,,,,,219642,
[2904],OCEANIC PLATEAU,BERMUDA RISE / BERMUDA RISE / SITE 387 / ATLANTIC OCEAN,,32.32,32.32,-67.67,-67.67,SUBAQUATIC,-5117,-5117,"s 43-387-50-1,98-101 [2904]",BASALT [2904],,,,,,,,,VOLCANIC ROCK,,,,,WHOLE_ROCK [2904] ,202773.303,10728.186,,73301.2635,,,,84958.89,64180.060000000005,58856.704,1161.687,,2324.42,19362.467699999997,1309.263,,30099.999999999996,36200.,,13200.,,,,,,,,,,,,,,,,,,,,,,,,,,,,,,,,,,,,,,,38,,132,349,,,24,100,71,93,,,,,,,339,23,103,,,,,,,,,,,,,,104,2.8,7.46,,6.72,2.3,0.8,,0.564,,0.791,,,2.12,0.374,,,,,,,,,,,,,,,,,,,,,,,,,,,,,,,,,,,,,,,219643,
[11206],OCEANIC PLATEAU,BERMUDA RISE / BERMUDA RISE / SITE 417 / ATLANTIC OCEAN,HOLE 417D,25.112,25.112,-68.047,-68.047,SUBAQUATIC,-5489,-5489,s 52-417D-22 [11206],BASALT [11206],,,,,,,,,VOLCANIC ROCK,,,,,WHOLE_ROCK [11206] ,,,,,,,,,,,,,6309.14,,,,21100.,,,60700.,,,,,,,,,,,,,,,,,,,,,,,,,,,,,,,,,,,,,,,,,,,,,,,,,,,,,,20,165,,,,,,,,,,,,,,,,,1.98,6.29,1.18,6.71,2.49,0.92,3.71,0.71,4.47,0.98,2.7,0.44,2.73,0.43,,,,,,,,,,,,,0.074,0.413,0.513061,,,0.704697,,,,,,,,,,,,,,,,,,,,,332727,
[11206],OCEANIC PLATEAU,BERMUDA RISE / BERMUDA RISE / SITE 417 / ATLANTIC OCEAN,HOLE 417D,25.112,25.112,-68.047,-68.047,SUBAQUATIC,-5489,-5489,s 52-417D-59 [11206],BASALT [11206],,,,,,,,,VOLCANIC ROCK,,,,,WHOLE_ROCK [11206] ,,,,,,,,,,,,,2490.45,,,,14400.,,,22900.,,,,,,,,,,,,,,,,,,,,,,,,,,,,,,,,,,,,,,,,,,,,,,,,,,,,,,10,158,,,,,,,,,,,,,,,,,1.82,5.93,1.13,6.47,2.44,0.95,4.08,0.75,4.62,1.06,2.98,0.48,2.96,0.46,,,,,,,,,,,,,0.062,0.035,0.513005,,,0.704689,,,,,,,,,,,,,,,,,,,,,332729,
[11206],OCEANIC PLATEAU,BERMUDA RISE / BERMUDA RISE / SITE 417-418 / ATLANTIC OCEAN,SITE417-418 COMPOSITE,25.035,25.112,-68.047,-68.058,SUBAQUATIC,-5489,-5519,s 417/418SUPER [11206],NOT GIVEN [11206],,,,,,,,,VOLCANIC ROCK,,,,,WHOLE_ROCK [11206] ,,,,,,,,,,,,,4648.84,,,,26800.,,,29500.,,,,,,,,,,,,,,,,,,,,,,,,,,,,,,,,,,,,,,,,,,,,,,,,,,,,,,13,180,,,,,,,,,,,,,,,,,1.97,6.19,1.2,6.68,2.56,0.93,3.7,0.75,4.62,1.01,2.83,0.43,2.82,0.44,,,,,,,,,,,,,0.088,0.275,0.513077,,,0.704575,,,,,,,,,,,,,,,,,,,,,332734,
[11206],OCEANIC PLATEAU,BERMUDA RISE / BERMUDA RISE / SITE 417-418 / ATLANTIC OCEAN,SITE417-418 COMPOSITE,25.035,25.112,-68.047,-68.058,SUBAQUATIC,-5489,-5519,s 417/418VCL TOP [11206],NOT GIVEN [11206],,,,,,,,,VOLCANIC ROCK,,,,,WHOLE_ROCK [11206] ,,,,,,,,,,,,,15108.730000000001,,,,34100.,,,197300.,,,,,,,,,,,,,,,,,,,,,,,,,,,,,,,,,,,,,,,,,,,,,,,,,,,,,,35,141,,,,,,,,,,,,,,,,,1.54,4.11,0.72,3.97,1.46,0.52,2.2,0.43,2.72,0.61,1.72,0.29,1.87,0.29,,,,,,,,,,,,,0.038,0.669,0.513023,,,0.707437,,,,,,,,,,,,,,,,,,,,,332735,
[11206],OCEANIC PLATEAU,BERMUDA RISE / BERMUDA RISE / SITE 417-418 / ATLANTIC OCEAN,SITE417-418 COMPOSITE,25.035,25.112,-68.047,-68.058,SUBAQUATIC,-5489,-5519,s 417/418VCL 100 [11206],NOT GIVEN [11206],,,,,,,,,VOLCANIC ROCK,,,,,WHOLE_ROCK [11206] ,,,,,,,,,,,,,17101.09,,,,47800.,,,48400.,,,,,,,,,,,,,,,,,,,,,,,,,,,,,,,,,,,,,,,,,,,,,,,,,,,,,,37,207,,,,,,,,,,,,,,,,,2.04,5.29,0.968,5.56,2.02,0.76,3.04,0.6,3.7,0.81,2.27,0.35,2.37,0.38,,,,,,,,,,,,,0.085,0.629,0.513027,,,0.70681,,,,,,,,,,,,,,,,,,,,,332736,
[11206],OCEANIC PLATEAU,BERMUDA RISE / BERMUDA RISE / SITE 417-418 / ATLANTIC OCEAN,SITE417-418 COMPOSITE,25.035,25.112,-68.047,-68.058,SUBAQUATIC,-5489,-5519,s 417/418VCL 300 [11206],NOT GIVEN [11206],,,,,,,,,VOLCANIC ROCK,,,,,WHOLE_ROCK [11206] ,,,,,,,,,,,,,4067.735,,,,37300.,,,7000.,,,,,,,,,,,,,,,,,,,,,,,,,,,,,,,,,,,,,,,,,,,,,,,,,,,,,,7,163,,,,,,,,,,,,,,,,,1.85,6.03,1.15,6.31,2.38,0.89,3.51,0.66,4.15,0.88,2.54,0.39,2.56,0.38,,,,,,,,,,,,,0.057,0.136,0.513083,,,0.70476,,,,,,,,,,,,,,,,,,,,,332737,
[11206],OCEANIC PLATEAU,BERMUDA RISE / BERMUDA RISE / SITE 417-418 / ATLANTIC OCEAN,SITE417-418 COMPOSITE,25.035,25.112,-68.047,-68.058,SUBAQUATIC,-5489,-5519,s 417/418FLOW TOP [11206],NOT GIVEN [11206],,,,,,,,,VOLCANIC ROCK,,,,,WHOLE_ROCK [11206] ,,,,,,,,,,,,,9214.665,,,,28700.,,,47100.,,,,,,,,,,,,,,,,,,,,,,,,,,,,,,,,,,,,,,,,,,,,,,,,,,,,,,18,193,,,,,,,,,,,,,,,,,2.19,6.73,1.25,7.1,2.58,0.96,3.91,0.75,4.62,1,2.8,0.41,2.8,0.43,,,,,,,,,,,,,0.122,0.595,0.513072,,,0.704873,,,,,,,,,,,,,,,,,,,,,332738,
[11206],OCEANIC PLATEAU,BERMUDA RISE / BERMUDA RISE / SITE 417-418 / ATLANTIC OCEAN,SITE417-418 COMPOSITE,25.035,25.112,-68.047,-68.058,SUBAQUATIC,-5489,-5519,s 417/418FLOW 100 [11206],NOT GIVEN [11206],,,,,,,,,VOLCANIC ROCK,,,,,WHOLE_ROCK [11206] ,,,,,,,,,,,,,6475.17,,,,33200.,,,50300.,,,,,,,,,,,,,,,,,,,,,,,,,,,,,,,,,,,,,,,,,,,,,,,,,,,,,,16,201,,,,,,,,,,,,,,,,,1.9,5.47,1.08,6.23,2.29,0.84,3.56,0.66,4.3,0.94,2.67,0.42,2.64,0.42,,,,,,,,,,,,,0.066,0.183,0.513043,,,0.705336,,,,,,,,,,,,,,,,,,,,,332739,
[11206],OCEANIC PLATEAU,BERMUDA RISE / BERMUDA RISE / SITE 417-418 / ATLANTIC OCEAN,SITE417-418 COMPOSITE,25.035,25.112,-68.047,-68.058,SUBAQUATIC,-5489,-5519,s 417/418FLOW 300 [11206],NOT GIVEN [11206],,,,,,,,,VOLCANIC ROCK,,,,,WHOLE_ROCK [11206] ,,,,,,,,,,,,,913.165,,,,19700.,,,10300.,,,,,,,,,,,,,,,,,,,,,,,,,,,,,,,,,,,,,,,,,,,,,,,,,,,,,,4,131,,,,,,,,,,,,,,,,,1.95,6.57,1.22,6.91,2.53,0.96,3.7,0.75,4.62,1.01,2.83,0.43,2.82,0.44,,,,,,,,,,,,,0.057,0.102,0.513069,,,0.703636,,,,,,,,,,,,,,,,,,,,,332740,
[1710],OCEANIC PLATEAU,BERMUDA RISE / BERMUDA RISE / SITE 418 / ATLANTIC OCEAN,HOLE 418A,25.035,25.035,-68.058,-68.058,SUBAQUATIC,-5519,-5519,s 441878-5 [1710],THOLEIITE [1710],,,,CRETACEOUS [1710],,,,,VOLCANIC ROCK,,,FRESH,,WHOLE_ROCK [1710] ,224789.49150000003,7611.6179999999995,,83992.1337,,,,68713.31999999999,96055.68,38353.344,1316.5786,,0.,17062.711,610.9894,,,,,,,,,,,,,,,,27100.,,,,,,,,,,,,,,,,,,,,,,,,,,,,,,,,,,,,,,,,,,,0.378,117.7,,,,,,,,,,,,,,,,,1.873,6.9,,7.46,2.82,1.07,4.02,,5,,3.21,,3.13,0.5,,,,,,,,,,,,,,,0.51311,,,0.7039,,,,,,,,,,,,,,,,,,,,,33381,
[1710],OCEANIC PLATEAU,BERMUDA RISE / BERMUDA RISE / SITE 418 / ATLANTIC OCEAN,HOLE 418A,25.035,25.035,-68.058,-68.058,SUBAQUATIC,-5519,-5519,s 441985-5 [1710],THOLEIITE [1710],,,,CRETACEOUS [1710],,,,,VOLCANIC ROCK,,,FRESH,,WHOLE_ROCK [1710] ,225911.33550000002,7072.2119999999995,,80657.8524,,,,71278.41,93411.29000000001,48062.28799999999,1161.687,,0.,15282.2542,654.6315,,,,,,,,,,,,,,,,22599.999999999996,,,,,,,,,,,,,,,,,,,,,,,,,,,,,,,,,,,,,,,,,,,0.427,126.6,,,,,,,,,,,,,,,,,1.952,6.59,,6.97,2.58,1,3.55,,4.22,,2.63,,2.51,0.405,,,,,,,,,,,,,,,0.513152,,,0.70404,,,,,,,,,,,,,,,,,,,,,33382,
[1710],OCEANIC PLATEAU,BERMUDA RISE / BERMUDA RISE / SITE 418 / ATLANTIC OCEAN,HOLE 418A,25.035,25.035,-68.058,-68.058,SUBAQUATIC,-5519,-5519,s 442055-4 [1710],THOLEIITE [1710],,,,CRETACEOUS [1710],,,,,VOLCANIC ROCK,,,FRESH,,WHOLE_ROCK [1710] ,229791.046,7671.552,,82245.6054,,,,75320.37,84620.48,44624.96,1394.0244,,664.12,17136.8967,654.6315,,,,,,,,,,,,,,,,17600.,,,,,,,,,,,,,,,,,,,,,,,,,,,,,,,,,,,,,,,,,,,2.355,108.4,,,,,,,,,,,,,,,,,2.216,7.48,,7.96,3.04,1.155,4.14,,5.11,,3.11,,2.97,0.443,,,,,,,,,,,,,,,0.513026,,,0.70389,,,,,,,,,,,,,,,,,,,,,33383,
[1710],OCEANIC PLATEAU,BERMUDA RISE / BERMUDA RISE / SITE 418 / ATLANTIC OCEAN,HOLE 418A,25.035,25.035,-68.058,-68.058,SUBAQUATIC,-5519,-5519,s 442165-4 [1710],THOLEIITE [1710],,,,CRETACEOUS [1710],,,,,VOLCANIC ROCK,,,FRESH,,WHOLE_ROCK [1710] ,224041.59550000002,7851.354,,89866.81980000001,,,,64515.90000000001,91410.12999999999,39680.032,1161.687,,0.,18694.7964,698.2736,,,,,,,,,,,,,,,,23600.,,,,,,,,,,,,,,,,,,,,,,,,,,,,,,,,,,,,,,,,,,,0.272,125.7,,,,,,,,,,,,,,,,,1.844,6.8,,7.28,2.75,1.054,3.88,,4.8,,3,,2.81,0.44,,,,,,,,,,,,,,,0.5131,,,0.70393,,,,,,,,,,,,,,,,,,,,,33384,
[1710],OCEANIC PLATEAU,BERMUDA RISE / BERMUDA RISE / SITE 418 / ATLANTIC OCEAN,HOLE 418A,25.035,25.035,-68.058,-68.058,SUBAQUATIC,-5519,-5519,s 442283-3 [1710],THOLEIITE [1710],,,,CRETACEOUS [1710],,,,,VOLCANIC ROCK,,,FRESH,,WHOLE_ROCK [1710] ,227407.1275,6412.938,,91983.8238,,,,65992.77,96841.85,40705.2,1161.687,,0.,16172.482600000001,480.0631,,,,,,,,,,,,,,,,10900.,,,,,,,,,,,,,,,,,,,,,,,,,,,,,,,,,,,,,,,,,,,0.336,147.6,,,,,,,,,,,,,,,,,1.918,6.52,,7.16,2.675,1.03,3.75,,4.58,,2.86,,2.73,0.424,,,,,,,,,,,,,,,0.513059,,,0.7047,,,,,,,,,,,,,,,,,,,,,33385,
[1710],OCEANIC PLATEAU,BERMUDA RISE / BERMUDA RISE / SITE 418 / ATLANTIC OCEAN,HOLE 418A,25.035,25.035,-68.058,-68.058,SUBAQUATIC,-5519,-5519,s 442378-5 [1710],THOLEIITE [1710],,,,CRETACEOUS [1710],,,,,VOLCANIC ROCK,,,FRESH,,WHOLE_ROCK [1710] ,229043.15000000002,8151.024,,83833.3584,,,,71278.41,91696.01,36182.399999999994,1316.5786,,0.,16914.3396,654.6315,,,,,,,,,,,,,,,,22700.,,,,,,,,,,,,,,,,,,,,,,,,,,,,,,,,,,,,,,,,,,,0.347,114.9,,,,,,,,,,,,,,,,,2.055,6.87,,7.29,2.74,1.02,3.8,,4.72,,2.96,,2.84,0.445,,,,,,,,,,,,,,,0.513089,,,0.70384,,,,,,,,,,,,,,,,,,,,,33386,
[1710],OCEANIC PLATEAU,BERMUDA RISE / BERMUDA RISE / SITE 418 / ATLANTIC OCEAN,HOLE 418A,25.035,25.035,-68.058,-68.058,SUBAQUATIC,-5519,-5519,s 442458-3 [1710],THOLEIITE [1710],,,,CRETACEOUS [1710],,,,,VOLCANIC ROCK,,,FRESH,,WHOLE_ROCK [1710] ,222966.49500000002,9050.034,,82298.53050000001,,,,79362.33,91124.25,38353.344,1626.3618,,0.,17656.1966,698.2736,,,,,,,,,,,,,,,,22700.,,,,,,,,,,,,,,,,,,,,,,,,,,,,,,,,,,,,,,,,,,,0.208,124.3,,,,,,,,,,,,,,,,,1.958,7.18,,8.38,3.18,1.21,4.45,,5.68,,3.63,,3.48,0.561,,,,,,,,,,,,,,,0.513138,,,0.70355,,,,,,,,,,,,,,,,,,,,,33387,
[1710],OCEANIC PLATEAU,BERMUDA RISE / BERMUDA RISE / SITE 418 / ATLANTIC OCEAN,HOLE 418A,25.035,25.035,-68.058,-68.058,SUBAQUATIC,-5519,-5519,s 442556-2 [1710],THOLEIITE [1710],,,,CRETACEOUS [1710],,,,,VOLCANIC ROCK,,,FRESH,,WHOLE_ROCK [1710] ,231099.864,7791.42,,92089.674,,,,66303.68999999999,83119.61,38534.255999999994,1006.7954,,1826.33,19065.724899999997,610.9894,,,,,,,,,,,,,,,,12200.,,,,,,,,,,,,,,,,,,,,,,,,,,,,,,,,,,,,,,,,,,,3.26,115,,,,,,,,,,,,,,,,,2.25,7.04,,7.54,2.81,1.1,,,4.82,,3.08,,2.89,0.43,,,,,,,,,,,,,,,0.513154,,,0.70357,,,,,,,,,,,,,,,,,,,,,33388,
[1710],OCEANIC PLATEAU,BERMUDA RISE / BERMUDA RISE / SITE 417 / ATLANTIC OCEAN,HOLE 417D,25.112,25.112,-68.047,-68.047,SUBAQUATIC,-5489,-5489,s 442648-6 [1710],THOLEIITE [1710],,,,CRETACEOUS [1710],,,,,VOLCANIC ROCK,,,FRESH,,WHOLE_ROCK [1710] ,225023.20900000003,8210.958,,80975.403,,,,77496.81000000001,91267.19,41428.848,1471.4702,,830.1500000000001,17062.711,654.6315,,,,,,,,,,,,,,,,15000.,,,,,,,,,,,,,,,,,,,,,,,,,,,,,,,,,,,,,,,,,,,2.63,106.6,,,,,,,,,,,,,,,,,2.351,8.144,,8.74,3.2,1.229,4.6,,5.72,,3.71,,3.61,0.573,,,,,,,,,,,,,,,0.513068,,,0.70363,,,,,,,,,,,,,,,,,,,,,33389,
[1710],OCEANIC PLATEAU,BERMUDA RISE / BERMUDA RISE / SITE 417 / ATLANTIC OCEAN,HOLE 417D,25.112,25.112,-68.047,-68.047,SUBAQUATIC,-5489,-5489,s 442762-4 [1710],THOLEIITE [1710],,,,CRETACEOUS [1710],,,,,VOLCANIC ROCK,,,FRESH,,WHOLE_ROCK [1710] ,233810.98700000002,8810.297999999999,,89866.81980000001,,,,68635.59,93482.76,29428.352,1006.7954,,0.,18991.5392,610.9894,,,,,,,,,,,,,,,,14900.,,,,,,,,,,,,,,,,,,,,,,,,,,,,,,,,,,,,,,,,,,,0.268,126,,,,,,,,,,,,,,,,,2.277,7.94,,8.91,3.34,1.23,4.59,,5.82,,3.75,,3.7,0.575,,,,,,,,,,,,,,,0.513127,,,0.70388,,,,,,,,,,,,,,,,,,,,,33390,
[1710],OCEANIC PLATEAU,BERMUDA RISE / BERMUDA RISE / SITE 417 / ATLANTIC OCEAN,HOLE 417D,25.112,25.112,-68.047,-68.047,SUBAQUATIC,-5489,-5489,s 442848-6 [1710],THOLEIITE [1710],,,,CRETACEOUS [1710],,,,,VOLCANIC ROCK,,,FRESH,,WHOLE_ROCK [1710] ,220722.807,9349.704,,83409.95760000001,,,,78585.03,92482.18,38473.952,1548.9160000000002,,664.12,17433.6395,741.9157,,,,,,,,,,,,,,,,20400.,,,,,,,,,,,,,,,,,,,,,,,,,,,,,,,,,,,,,,,,,,,2.31,114.5,,,,,,,,,,,,,,,,,2.575,8.37,,8.23,3.12,1.18,4.23,,5.14,,3.21,,3.09,0.493,,,,,,,,,,,,,,,0.513138,,,0.70374,,,,,,,,,,,,,,,,,,,,,33391,
[1710],OCEANIC PLATEAU,BERMUDA RISE / BERMUDA RISE / SITE 417 / ATLANTIC OCEAN,HOLE 417D,25.112,25.112,-68.047,-68.047,SUBAQUATIC,-5489,-5489,s 442945-1 [1710],THOLEIITE [1710],,,,CRETACEOUS [1710],,,,,VOLCANIC ROCK,,,FRESH,,WHOLE_ROCK [1710] ,229043.15000000002,8810.297999999999,,86744.23890000001,,,,80061.90000000001,80546.69,35699.968,1161.687,,4897.884999999999,18323.8679,741.9157,,,,,,,,,,,,,,,,13100.,,,,,,,,,,,,,,,,,,,,,,,,,,,,,,,,,,,,,,,,,,,16.11,110.6,,,,,,,,,,,,,,,,,2.092,8.38,,9.25,3.36,1.29,4.72,,5.71,,3.53,,3.4,0.53,,,,,,,,,,,,,,,0.513074,,,0.70411,,,,,,,,,,,,,,,,,,,,,33392,
[2032],OCEANIC PLATEAU,BERMUDA RISE / BERMUDA RISE / SITE 417 / ATLANTIC OCEAN,HOLE 417A,25.112,25.112,-68.047,-68.047,SUBAQUATIC,-5478,-5478,"s 51-417A-33-5,54-58 [2032]",BASALT [2032],,,,,,,,,VOLCANIC ROCK,,,,,WHOLE_ROCK [2032] ,219227.015,7671.552,,95529.8055,,28325.699999999997,22774.890000000003,,101272.99,30513.823999999997,929.3496,,7886.424999999999,15208.068499999998,523.7052,,27599.999999999996,,,21600.,,,,,,,,,,,,,,,,,,,,,,,,,,,,,,,,,,,,,,,,,,,,,,,,,,,,,,,,,,,,,,,,,,,,,,,,,,,,,,,,,,,,,,,,,,,,,,,,,,,,,,,,,,,,,,,,,,,,,,,,,,,,35439,
[2032],OCEANIC PLATEAU,BERMUDA RISE / BERMUDA RISE / SITE 417 / ATLANTIC OCEAN,HOLE 417A,25.112,25.112,-68.047,-68.047,SUBAQUATIC,-5478,-5478,"s 51-417A-34-2,88-93 [2032]",BASALT [2032],,,,,,,,,VOLCANIC ROCK,,,,,WHOLE_ROCK [2032] ,220255.372,7611.6179999999995,,89390.4939,,24339.12,36610.83,,102773.86,40343.376,1239.1328,,747.135,21588.0387,654.6315,,16700.,,,14800.,,,,,,,,,,,,,,,,,,,,,,,,,,,,,,,,,,,,,,,,,,,,,,,,,,,,,,,,,,,,,,,,,,,,,,,,,,,,,,,,,,,,,,,,,,,,,,,,,,,,,,,,,,,,,,,,,,,,,,,,,,,,35440,
[2032],OCEANIC PLATEAU,BERMUDA RISE / BERMUDA RISE / SITE 417 / ATLANTIC OCEAN,HOLE 417A,25.112,25.112,-68.047,-68.047,SUBAQUATIC,-5478,-5478,"s 51-417A-37-1,37-40 [2032]",BASALT [2032],,,,,,,,,VOLCANIC ROCK,,,,,WHOLE_ROCK [2032] ,226846.2055,7911.288,,89549.26920000001,,24968.579999999998,45705.24,,94840.69,40886.112,1239.1328,,249.045,19065.724899999997,698.2736,,12700.,,,3800.,,,,,,,,,,,,,,,,,,,,,,,,,,,,,,,,,,,,,,,,,,,,,,,,,,,,,,,,,,,,,,,,,,,,,,,,,,,,,,,,,,,,,,,,,,,,,,,,,,,,,,,,,,,,,,,,,,,,,,,,,,,,35441,
[2032],OCEANIC PLATEAU,BERMUDA RISE / BERMUDA RISE / SITE 417 / ATLANTIC OCEAN,HOLE 417A,25.112,25.112,-68.047,-68.047,SUBAQUATIC,-5478,-5478,"s 51-417A-38-3,75-79 [2032]",BASALT [2032],,,,,,,,,VOLCANIC ROCK,,,,,WHOLE_ROCK [2032] ,219928.1675,7911.288,,88014.44129999999,,27136.719999999998,38165.43,,103274.15,37207.568,1316.5786,,1494.27,15430.6256,654.6315,,15200.,,,13799.999999999998,,,,,,,,,,,,,,,,,,,,,,,,,,,,,,,,,,,,,,,,,,,,,,,,,,,,,,,,,,,,,,,,,,,,,,,,,,,,,,,,,,,,,,,,,,,,,,,,,,,,,,,,,,,,,,,,,,,,,,,,,,,,35442,
[2032],OCEANIC PLATEAU,BERMUDA RISE / BERMUDA RISE / SITE 417 / ATLANTIC OCEAN,HOLE 417A,25.112,25.112,-68.047,-68.047,SUBAQUATIC,-5478,-5478,"s 51-417A-40-3,25-29 [2032]",BASALT [2032],,,,,,,,,VOLCANIC ROCK,,,,,WHOLE_ROCK [2032] ,219834.68050000002,7731.486,,85421.11140000001,,34900.060000000005,37232.67,,101415.93,35338.144,1471.4702,,2739.4950000000003,19955.953299999997,654.6315,,15400.,,,14600.,,,,,,,,,,,,,,,,,,,,,,,,,,,,,,,,,,,,,,,,,,,,,,,,,,,,,,,,,,,,,,,,,,,,,,,,,,,,,,,,,,,,,,,,,,,,,,,,,,,,,,,,,,,,,,,,,,,,,,,,,,,,35443,
[2032],OCEANIC PLATEAU,BERMUDA RISE / BERMUDA RISE / SITE 417 / ATLANTIC OCEAN,HOLE 417A,25.112,25.112,-68.047,-68.047,SUBAQUATIC,-5478,-5478,"s 51-417A-41-3,92-97 [2032]",BASALT [2032],,,,,,,,,VOLCANIC ROCK,,,,,WHOLE_ROCK [2032] ,226939.6925,8690.429999999998,,89602.1943,,26647.14,38554.08,,94769.22,39680.032,1316.5786,,249.045,14911.325699999998,698.2736,,18800.,,,4300.,,,,,,,,,,,,,,,,,,,,,,,,,,,,,,,,,,,,,,,,,,,,,,,,,,,,,,,,,,,,,,,,,,,,,,,,,,,,,,,,,,,,,,,,,,,,,,,,,,,,,,,,,,,,,,,,,,,,,,,,,,,,35444,
[2032],OCEANIC PLATEAU,BERMUDA RISE / BERMUDA RISE / SITE 417 / ATLANTIC OCEAN,HOLE 417A,25.112,25.112,-68.047,-68.047,SUBAQUATIC,-5478,-5478,"s 51-417A-44-2,13-17 [2032]",BASALT [2032],,,,,,,,,VOLCANIC ROCK,,,,,WHOLE_ROCK [2032] ,229323.61100000003,8330.826,,87167.6397,,20422.48,55887.87,,86693.11,39378.512,1316.5786,,581.105,14392.0258,654.6315,,14400.,,,1300.,,,,,,,,,,,,,,,,,,,,,,,,,,,,,,,,,,,,,,,,,,,,,,,,,,,,,,,,,,,,,,,,,,,,,,,,,,,,,,,,,,,,,,,,,,,,,,,,,,,,,,,,,,,,,,,,,,,,,,,,,,,,35445,
[2032],OCEANIC PLATEAU,BERMUDA RISE / BERMUDA RISE / SITE 417 / ATLANTIC OCEAN,HOLE 417A,25.112,25.112,-68.047,-68.047,SUBAQUATIC,-5478,-5478,"s 51-417A-44-3,58-68 [2032]",BASALT [2032],,,,,,,,,VOLCANIC ROCK,,,,,WHOLE_ROCK [2032] ,230211.73750000002,8510.627999999999,,86426.6883,,25108.46,51612.719999999994,,89123.09000000001,41730.367999999995,1239.1328,,664.12,15059.697099999998,610.9894,,8800.,,,1300.,,,,,,,,,,,,,,,,,,,,,,,,,,,,,,,,,,,,,,,,,,,,,,,,,,,,,,,,,,,,,,,,,,,,,,,,,,,,,,,,,,,,,,,,,,,,,,,,,,,,,,,,,,,,,,,,,,,,,,,,,,,,35446,
[2032],OCEANIC PLATEAU,BERMUDA RISE / BERMUDA RISE / SITE 417 / ATLANTIC OCEAN,HOLE 417D,25.112,25.112,-68.047,-68.047,SUBAQUATIC,-5489,-5489,s 1010 [2032],BASALT [2032],,,,,,,,,VOLCANIC ROCK,,,,,WHOLE_ROCK [2032] ,219647.70650000003,9229.836,,92830.6254,,40565.2,27671.88,,81618.74,31900.816,851.9038,,4565.825000000001,17804.568,741.9157,,23200.,,,19300.,,,,,,,,,,,,,,,,,,,,,,,,,,,,,,,,,,,,,,,,,,,,,,,,,,,,,,,,,,,,,,,,,,,,,,,,,,,,,,,,,,,,,,,,,,,,,,,,,,,,,,,,,,,,,,,,,,,,,,,,,,,,35447,
[2032],OCEANIC PLATEAU,BERMUDA RISE / BERMUDA RISE / SITE 417 / ATLANTIC OCEAN,HOLE 417D,25.112,25.112,-68.047,-68.047,SUBAQUATIC,-5489,-5489,"s 52-417D-22-4,24-28 [2032]",BASALT [2032],,,,,,,,,VOLCANIC ROCK,,,,,WHOLE_ROCK [2032] ,225677.61800000002,8570.562,,90290.2206,,30703.659999999996,38865,,84691.95,42393.712,1316.5786,,581.105,15949.9255,610.9894,,19400.,,,8400.,,,,,,,,,,,,,,,,,,,,,,,,,,,,,,,,,,,,,,,,,,,,,,,,,,,,,,,,,,,,,,,,,,,,,,,,,,,,,,,,,,,,,,,,,,,,,,,,,,,,,,,,,,,,,,,,,,,,,,,,,,,,35448,
[2032],OCEANIC PLATEAU,BERMUDA RISE / BERMUDA RISE / SITE 417 / ATLANTIC OCEAN,HOLE 417D,25.112,25.112,-68.047,-68.047,SUBAQUATIC,-5489,-5489,"s 52-417D-22-6,143-148 [2032]",BASALT [2032],,,,,,,,,VOLCANIC ROCK,,,,,WHOLE_ROCK [2032] ,223059.98200000002,7911.288,,86744.23890000001,,35949.159999999996,40108.68,,91195.72,39438.816,1239.1328,,2241.405,15282.2542,698.2736,,17500.,,,11800.,,,,,,,,,,,,,,,,,,,,,,,,,,,,,,,,,,,,,,,,,,,,,,,,,,,,,,,,,,,,,,,,,,,,,,,,,,,,,,,,,,,,,,,,,,,,,,,,,,,,,,,,,,,,,,,,,,,,,,,,,,,,35449,
[2032],OCEANIC PLATEAU,BERMUDA RISE / BERMUDA RISE / SITE 417 / ATLANTIC OCEAN,HOLE 417D,25.112,25.112,-68.047,-68.047,SUBAQUATIC,-5489,-5489,"s 52-417D-26-6,87-91 [2032]",BASALT [2032],,,,,,,,,VOLCANIC ROCK,,,,,WHOLE_ROCK [2032] ,227500.61450000003,7671.552,,88808.3178,,23499.84,51068.61,,90409.55,40705.2,1239.1328,,415.07500000000005,14837.14,654.6315,,13799.999999999998,,,1800.,,,,,,,,,,,,,,,,,,,,,,,,,,,,,,,,,,,,,,,,,,,,,,,,,,,,,,,,,,,,,,,,,,,,,,,,,,,,,,,,,,,,,,,,,,,,,,,,,,,,,,,,,,,,,,,,,,,,,,,,,,,,35450,
[2032],OCEANIC PLATEAU,BERMUDA RISE / BERMUDA RISE / SITE 417 / ATLANTIC OCEAN,HOLE 417D,25.112,25.112,-68.047,-68.047,SUBAQUATIC,-5489,-5489,"s 52-417D-28-1,44-50 [2032]",BASALT [2032],,,,,,,,,VOLCANIC ROCK,,,,,WHOLE_ROCK [2032] ,221096.755,7911.288,,89125.8684,,31403.06,36999.479999999996,,99843.59000000001,34674.799999999996,1239.1328,,498.09,17656.1966,698.2736,,18600.,,,17800.,,,,,,,,,,,,,,,,,,,,,,,,,,,,,,,,,,,,,,,,,,,,,,,,,,,,,,,,,,,,,,,,,,,,,,,,,,,,,,,,,,,,,,,,,,,,,,,,,,,,,,,,,,,,,,,,,,,,,,,,,,,,35451,
[2032],OCEANIC PLATEAU,BERMUDA RISE / BERMUDA RISE / SITE 417 / ATLANTIC OCEAN,HOLE 417D,25.112,25.112,-68.047,-68.047,SUBAQUATIC,-5489,-5489,"s 52-417D-28-6,111-117 [2032]",BASALT [2032],,,,,,,,,VOLCANIC ROCK,,,,,WHOLE_ROCK [2032] ,224602.51750000002,7911.288,,92301.37440000002,,32312.280000000002,33968.01,,96341.56,32322.944,1084.2412000000002,,2407.435,15727.3684,741.9157,,17800.,,,11500.,,,,,,,,,,,,,,,,,,,,,,,,,,,,,,,,,,,,,,,,,,,,,,,,,,,,,,,,,,,,,,,,,,,,,,,,,,,,,,,,,,,,,,,,,,,,,,,,,,,,,,,,,,,,,,,,,,,,,,,,,,,,35452,
[2032],OCEANIC PLATEAU,BERMUDA RISE / BERMUDA RISE / SITE 417 / ATLANTIC OCEAN,HOLE 417D,25.112,25.112,-68.047,-68.047,SUBAQUATIC,-5489,-5489,"s 52-417D-29-2,50-54 [2032]",BASALT [2032],,,,,,,,,VOLCANIC ROCK,,,,,WHOLE_ROCK [2032] ,228622.4585,8151.024,,92036.7489,,37487.840000000004,32879.79,,82333.44,33890.848,697.0122,,3154.57,16840.1539,654.6315,,20800.,,,4600.,,,,,,,,,,,,,,,,,,,,,,,,,,,,,,,,,,,,,,,,,,,,,,,,,,,,,,,,,,,,,,,,,,,,,,,,,,,,,,,,,,,,,,,,,,,,,,,,,,,,,,,,,,,,,,,,,,,,,,,,,,,,35453,
[2032],OCEANIC PLATEAU,BERMUDA RISE / BERMUDA RISE / SITE 417 / ATLANTIC OCEAN,HOLE 417D,25.112,25.112,-68.047,-68.047,SUBAQUATIC,-5489,-5489,"s 52-417D-29-6,8-13 [2032]",BASALT [2032],,,,,,,,,VOLCANIC ROCK,,,,,WHOLE_ROCK [2032] ,231941.247,8031.156,,91084.09710000001,,30983.42,34823.04,,93697.17,31116.863999999998,1006.7954,,415.07500000000005,15653.182699999998,698.2736,,18400.,,,6100.,,,,,,,,,,,,,,,,,,,,,,,,,,,,,,,,,,,,,,,,,,,,,,,,,,,,,,,,,,,,,,,,,,,,,,,,,,,,,,,,,,,,,,,,,,,,,,,,,,,,,,,,,,,,,,,,,,,,,,,,,,,,35454,
[2032],OCEANIC PLATEAU,BERMUDA RISE / BERMUDA RISE / SITE 417 / ATLANTIC OCEAN,HOLE 417D,25.112,25.112,-68.047,-68.047,SUBAQUATIC,-5489,-5489,"s 52-417D-30-2,82-86 [2032]",BASALT [2032],,,,,,,,,VOLCANIC ROCK,,,,,WHOLE_ROCK [2032] ,223246.956,7671.552,,92407.2246,,36508.68,36921.75,,94054.52,32383.248,929.3496,,1245.225,16469.2254,654.6315,,17900.,,,8300.,,,,,,,,,,,,,,,,,,,,,,,,,,,,,,,,,,,,,,,,,,,,,,,,,,,,,,,,,,,,,,,,,,,,,,,,,,,,,,,,,,,,,,,,,,,,,,,,,,,,,,,,,,,,,,,,,,,,,,,,,,,,35455,
[2032],OCEANIC PLATEAU,BERMUDA RISE / BERMUDA RISE / SITE 417 / ATLANTIC OCEAN,HOLE 417D,25.112,25.112,-68.047,-68.047,SUBAQUATIC,-5489,-5489,"s 52-417D-30-7,90-96 [2032]",BASALT [2032],,,,,,,,,VOLCANIC ROCK,,,,,WHOLE_ROCK [2032] ,222218.59900000002,8091.09,,89443.419,,31822.699999999997,37154.94,,94483.34000000001,35579.36,1161.687,,1660.3000000000002,15208.068499999998,698.2736,,17400.,,,15000.,,,,,,,,,,,,,,,,,,,,,,,,,,,,,,,,,,,,,,,,,,,,,,,,,,,,,,,,,,,,,,,,,,,,,,,,,,,,,,,,,,,,,,,,,,,,,,,,,,,,,,,,,,,,,,,,,,,,,,,,,,,,35456,
[2032],OCEANIC PLATEAU,BERMUDA RISE / BERMUDA RISE / SITE 417 / ATLANTIC OCEAN,HOLE 417D,25.112,25.112,-68.047,-68.047,SUBAQUATIC,-5489,-5489,"s 52-417D-31-2,98-102 [2032]",BASALT [2032],,,,,,,,,VOLCANIC ROCK,,,,,WHOLE_ROCK [2032] ,225163.43950000004,8091.09,,87008.8644,,27416.48,40575.06,,97699.49,34433.583999999995,1161.687,,664.12,15949.9255,698.2736,,11399.999999999998,,,16100.000000000002,,,,,,,,,,,,,,,,,,,,,,,,,,,,,,,,,,,,,,,,,,,,,,,,,,,,,,,,,,,,,,,,,,,,,,,,,,,,,,,,,,,,,,,,,,,,,,,,,,,,,,,,,,,,,,,,,,,,,,,,,,,,35457,
[2032],OCEANIC PLATEAU,BERMUDA RISE / BERMUDA RISE / SITE 417 / ATLANTIC OCEAN,HOLE 417D,25.112,25.112,-68.047,-68.047,SUBAQUATIC,-5489,-5489,"s 52-417D-31-4,78-80 [2032]",BASALT [2032],,,,,,,,,VOLCANIC ROCK,,,,,WHOLE_ROCK [2032] ,224836.23500000002,8450.694,,97488.03420000001,,35739.340000000004,32335.68,,89194.56,32745.071999999996,1084.2412000000002,,2905.5249999999996,17878.7537,741.9157,,18800.,,,7500.,,,,,,,,,,,,,,,,,,,,,,,,,,,,,,,,,,,,,,,,,,,,,,,,,,,,,,,,,,,,,,,,,,,,,,,,,,,,,,,,,,,,,,,,,,,,,,,,,,,,,,,,,,,,,,,,,,,,,,,,,,,,35458,
[2032],OCEANIC PLATEAU,BERMUDA RISE / BERMUDA RISE / SITE 417 / ATLANTIC OCEAN,HOLE 417D,25.112,25.112,-68.047,-68.047,SUBAQUATIC,-5489,-5489,"s 52-417D-33-4,47-52 [2032]",BASALT [2032],,,,,,,,,VOLCANIC ROCK,,,,,WHOLE_ROCK [2032] ,223480.67350000003,7671.552,,85474.0365,,20912.06,45083.4,,105775.6,34554.192,1316.5786,,498.09,14466.2115,654.6315,,7100.,,,19800.,,,,,,,,,,,,,,,,,,,,,,,,,,,,,,,,,,,,,,,,,,,,,,,,,,,,,,,,,,,,,,,,,,,,,,,,,,,,,,,,,,,,,,,,,,,,,,,,,,,,,,,,,,,,,,,,,,,,,,,,,,,,35459,
[2032],OCEANIC PLATEAU,BERMUDA RISE / BERMUDA RISE / SITE 417 / ATLANTIC OCEAN,HOLE 417D,25.112,25.112,-68.047,-68.047,SUBAQUATIC,-5489,-5489,"s 52-417D-35-4,27-33 [2032]",BASALT [2032],,,,,,,,,VOLCANIC ROCK,,,,,WHOLE_ROCK [2032] ,230725.91600000003,8930.166,,94841.77920000002,,38886.64,31636.11,,73471.15999999999,33589.328,851.9038,,6558.185,17804.568,654.6315,,19500.,,,3400.0000000000005,,,,,,,,,,,,,,,,,,,,,,,,,,,,,,,,,,,,,,,,,,,,,,,,,,,,,,,,,,,,,,,,,,,,,,,,,,,,,,,,,,,,,,,,,,,,,,,,,,,,,,,,,,,,,,,,,,,,,,,,,,,,35460,
[2032],OCEANIC PLATEAU,BERMUDA RISE / BERMUDA RISE / SITE 417 / ATLANTIC OCEAN,HOLE 417D,25.112,25.112,-68.047,-68.047,SUBAQUATIC,-5489,-5489,"s 52-417D-36-3,127-129 [2032]",BASALT [2032],,,,,,,,,VOLCANIC ROCK,,,,,WHOLE_ROCK [2032] ,226285.2835,8270.891999999998,,88331.99190000001,,29514.679999999997,45705.24,,89909.26,36845.744,1239.1328,,2988.54,17507.8252,567.3473,,14500.,,,6700.,,,,,,,,,,,,,,,,,,,,,,,,,,,,,,,,,,,,,,,,,,,,,,,,,,,,,,,,,,,,,,,,,,,,,,,,,,,,,,,,,,,,,,,,,,,,,,,,,,,,,,,,,,,,,,,,,,,,,,,,,,,,35461,
[2032],OCEANIC PLATEAU,BERMUDA RISE / BERMUDA RISE / SITE 417 / ATLANTIC OCEAN,HOLE 417D,25.112,25.112,-68.047,-68.047,SUBAQUATIC,-5489,-5489,"s 52-417D-36-4,36-9 [2032]",BASALT [2032],,,,,,,,,VOLCANIC ROCK,,,,,WHOLE_ROCK [2032] ,224041.59550000002,8091.09,,89337.5688,,32382.219999999998,41741.01,,90981.31,37026.655999999995,1394.0244,,2158.39,14911.325699999998,654.6315,,16000.,,,9500.,,,,,,,,,,,,,,,,,,,,,,,,,,,,,,,,,,,,,,,,,,,,,,,,,,,,,,,,,,,,,,,,,,,,,,,,,,,,,,,,,,,,,,,,,,,,,,,,,,,,,,,,,,,,,,,,,,,,,,,,,,,,35462,
[2032],OCEANIC PLATEAU,BERMUDA RISE / BERMUDA RISE / SITE 417 / ATLANTIC OCEAN,HOLE 417D,25.112,25.112,-68.047,-68.047,SUBAQUATIC,-5489,-5489,s 1300 [2032],BASALT [2032],,,,,,,,,VOLCANIC ROCK,,,,,WHOLE_ROCK [2032] ,220161.885,7611.6179999999995,,88173.2166,,23849.54,44383.83,,104560.61,39860.944,1471.4702,,581.105,16988.5253,741.9157,,9300.,,,18500.,,,,,,,,,,,,,,,,,,,,,,,,,,,,,,,,,,,,,,,,,,,,,,,,,,,,,,,,,,,,,,,,,,,,,,,,,,,,,,,,,,,,,,,,,,,,,,,,,,,,,,,,,,,,,,,,,,,,,,,,,,,,35463,
[2032],OCEANIC PLATEAU,BERMUDA RISE / BERMUDA RISE / SITE 417 / ATLANTIC OCEAN,HOLE 417D,25.112,25.112,-68.047,-68.047,SUBAQUATIC,-5489,-5489,"s 52-417D-38-4,106-111 [2032]",BASALT [2032],,,,,,,,,VOLCANIC ROCK,,,,,WHOLE_ROCK [2032] ,218899.81050000002,7791.42,,84045.05880000001,,30004.260000000002,45238.86,,102202.1,35338.144,1471.4702,,2241.405,18323.8679,698.2736,,12000.,,,17800.,,,,,,,,,,,,,,,,,,,,,,,,,,,,,,,,,,,,,,,,,,,,,,,,,,,,,,,,,,,,,,,,,,,,,,,,,,,,,,,,,,,,,,,,,,,,,,,,,,,,,,,,,,,,,,,,,,,,,,,,,,,,35464,
[2032],OCEANIC PLATEAU,BERMUDA RISE / BERMUDA RISE / SITE 417 / ATLANTIC OCEAN,HOLE 417D,25.112,25.112,-68.047,-68.047,SUBAQUATIC,-5489,-5489,"s 52-417D-39-3,95-101 [2032]",BASALT [2032],,,,,,,,,VOLCANIC ROCK,,,,,WHOLE_ROCK [2032] ,226846.2055,7551.683999999999,,94683.00390000001,,26017.68,42518.31,,96270.09000000001,36363.312,1239.1328,,415.07500000000005,14688.7686,698.2736,,10700.,,,8700.,,,,,,,,,,,,,,,,,,,,,,,,,,,,,,,,,,,,,,,,,,,,,,,,,,,,,,,,,,,,,,,,,,,,,,,,,,,,,,,,,,,,,,,,,,,,,,,,,,,,,,,,,,,,,,,,,,,,,,,,,,,,35465,
[2032],OCEANIC PLATEAU,BERMUDA RISE / BERMUDA RISE / SITE 417 / ATLANTIC OCEAN,HOLE 417D,25.112,25.112,-68.047,-68.047,SUBAQUATIC,-5489,-5489,"s 52-417D-42-1,10-16 [2032]",BASALT [2032],,,,,,,,,VOLCANIC ROCK,,,,,WHOLE_ROCK [2032] ,228856.17600000004,6772.541999999999,,96323.682,,26367.38,33890.280000000006,,92339.24,39378.512,1239.1328,,332.06,13872.7259,610.9894,,17800.,,,3900.,,,,,,,,,,,,,,,,,,,,,,,,,,,,,,,,,,,,,,,,,,,,,,,,,,,,,,,,,,,,,,,,,,,,,,,,,,,,,,,,,,,,,,,,,,,,,,,,,,,,,,,,,,,,,,,,,,,,,,,,,,,,35466,
[2032],OCEANIC PLATEAU,BERMUDA RISE / BERMUDA RISE / SITE 417 / ATLANTIC OCEAN,HOLE 417D,25.112,25.112,-68.047,-68.047,SUBAQUATIC,-5489,-5489,"s 52-417D-43-3,52-57 [2032]",BASALT [2032],,,,,,,,,VOLCANIC ROCK,,,,,WHOLE_ROCK [2032] ,220582.5765,8510.627999999999,,85526.96160000001,,33221.5,34201.200000000004,,99343.3,36122.096,1161.687,,2822.51,14688.7686,741.9157,,17200.,,,19800.,,,,,,,,,,,,,,,,,,,,,,,,,,,,,,,,,,,,,,,,,,,,,,,,,,,,,,,,,,,,,,,,,,,,,,,,,,,,,,,,,,,,,,,,,,,,,,,,,,,,,,,,,,,,,,,,,,,,,,,,,,,,35467,
[2032],OCEANIC PLATEAU,BERMUDA RISE / BERMUDA RISE / SITE 417 / ATLANTIC OCEAN,HOLE 417D,25.112,25.112,-68.047,-68.047,SUBAQUATIC,-5489,-5489,"s 52-417D-44-1,54-59 [2032]",BASALT [2032],,,,,,,,,VOLCANIC ROCK,,,,,WHOLE_ROCK [2032] ,223948.1085,8930.166,,83515.8078,,33151.560000000005,38865,,92696.59000000001,38715.168,1239.1328,,2656.48,19733.3962,785.5577999999999,,15900.,,,13400.,,,,,,,,,,,,,,,,,,,,,,,,,,,,,,,,,,,,,,,,,,,,,,,,,,,,,,,,,,,,,,,,,,,,,,,,,,,,,,,,,,,,,,,,,,,,,,,,,,,,,,,,,,,,,,,,,,,,,,,,,,,,35468,
[2032],OCEANIC PLATEAU,BERMUDA RISE / BERMUDA RISE / SITE 417 / ATLANTIC OCEAN,HOLE 417D,25.112,25.112,-68.047,-68.047,SUBAQUATIC,-5489,-5489,"s 52-417D-45-1,5-8 [2032]",BASALT [2032],,,,,,,,,VOLCANIC ROCK,,,,,WHOLE_ROCK [2032] ,224882.97850000003,9109.967999999999,,84362.6094,,34410.479999999996,43839.719999999994,,89337.5,37991.52,1548.9160000000002,,1743.3149999999998,15059.697099999998,741.9157,,15800.,,,9600.,,,,,,,,,,,,,,,,,,,,,,,,,,,,,,,,,,,,,,,,,,,,,,,,,,,,,,,,,,,,,,,,,,,,,,,,,,,,,,,,,,,,,,,,,,,,,,,,,,,,,,,,,,,,,,,,,,,,,,,,,,,,35469,
[2032],OCEANIC PLATEAU,BERMUDA RISE / BERMUDA RISE / SITE 417 / ATLANTIC OCEAN,HOLE 417D,25.112,25.112,-68.047,-68.047,SUBAQUATIC,-5489,-5489,"s 52-417D-48-6,113-115 [2032]",BASALT [2032],,,,,,,,,VOLCANIC ROCK,,,,,WHOLE_ROCK [2032] ,224696.0045,9649.374,,89125.8684,,34550.36,31636.11,,86550.17,42454.015999999996,929.3496,,1079.195,18323.8679,741.9157,,18100.,,,12200.,,,,,,,,,,,,,,,,,,,,,,,,,,,,,,,,,,,,,,,,,,,,,,,,,,,,,,,,,,,,,,,,,,,,,,,,,,,,,,,,,,,,,,,,,,,,,,,,,,,,,,,,,,,,,,,,,,,,,,,,,,,,35470,
[2032],OCEANIC PLATEAU,BERMUDA RISE / BERMUDA RISE / SITE 417 / ATLANTIC OCEAN,HOLE 417D,25.112,25.112,-68.047,-68.047,SUBAQUATIC,-5489,-5489,"s 52-417D-49-1,109-111 [2032]",BASALT [2032],,,,,,,,,VOLCANIC ROCK,,,,,WHOLE_ROCK [2032] ,228996.40650000004,9289.77,,90343.14570000001,,35669.399999999994,32413.41,,81261.39,42333.407999999996,1084.2412000000002,,1992.36,20475.2532,654.6315,,16000.,,,6700.,,,,,,,,,,,,,,,,,,,,,,,,,,,,,,,,,,,,,,,,,,,,,,,,,,,,,,,,,,,,,,,,,,,,,,,,,,,,,,,,,,,,,,,,,,,,,,,,,,,,,,,,,,,,,,,,,,,,,,,,,,,,35471,
[2032],OCEANIC PLATEAU,BERMUDA RISE / BERMUDA RISE / SITE 417 / ATLANTIC OCEAN,HOLE 417D,25.112,25.112,-68.047,-68.047,SUBAQUATIC,-5489,-5489,"s 52-417D-49-3,55-57 [2032]",BASALT [2032],,,,,,,,,VOLCANIC ROCK,,,,,WHOLE_ROCK [2032] ,219413.989,8330.826,,84944.78550000001,,39586.04,34900.770000000004,,91553.07,37991.52,1006.7954,,3154.57,18546.425,741.9157,,14600.,,,15100.,,,,,,,,,,,,,,,,,,,,,,,,,,,,,,,,,,,,,,,,,,,,,,,,,,,,,,,,,,,,,,,,,,,,,,,,,,,,,,,,,,,,,,,,,,,,,,,,,,,,,,,,,,,,,,,,,,,,,,,,,,,,35472,
[2032],OCEANIC PLATEAU,BERMUDA RISE / BERMUDA RISE / SITE 417 / ATLANTIC OCEAN,HOLE 417D,25.112,25.112,-68.047,-68.047,SUBAQUATIC,-5489,-5489,"s 52-417D-50-2,73-75 [2032]",BASALT [2032],,,,,,,,,VOLCANIC ROCK,,,,,WHOLE_ROCK [2032] ,225958.07900000003,8750.364,,90448.99590000001,,30703.659999999996,41507.82,,82119.03,42634.928,1239.1328,,1826.33,17804.568,610.9894,,9600.,,,12400.,,,,,,,,,,,,,,,,,,,,,,,,,,,,,,,,,,,,,,,,,,,,,,,,,,,,,,,,,,,,,,,,,,,,,,,,,,,,,,,,,,,,,,,,,,,,,,,,,,,,,,,,,,,,,,,,,,,,,,,,,,,,35473,
[2032],OCEANIC PLATEAU,BERMUDA RISE / BERMUDA RISE / SITE 417 / ATLANTIC OCEAN,HOLE 417D,25.112,25.112,-68.047,-68.047,SUBAQUATIC,-5489,-5489,"s 52-417D-52-3,87-89 [2032]",BASALT [2032],,,,,,,,,VOLCANIC ROCK,,,,,WHOLE_ROCK [2032] ,228155.02350000004,8390.759999999998,,80340.3018,,29584.620000000003,52390.020000000004,,87121.93,42152.496,1316.5786,,747.135,17359.4538,698.2736,,10800.,,,4200.,,,,,,,,,,,,,,,,,,,,,,,,,,,,,,,,,,,,,,,,,,,,,,,,,,,,,,,,,,,,,,,,,,,,,,,,,,,,,,,,,,,,,,,,,,,,,,,,,,,,,,,,,,,,,,,,,,,,,,,,,,,,35474,
[2032],OCEANIC PLATEAU,BERMUDA RISE / BERMUDA RISE / SITE 417 / ATLANTIC OCEAN,HOLE 417D,25.112,25.112,-68.047,-68.047,SUBAQUATIC,-5489,-5489,"s 52-417D-52-5,20-22 [2032]",BASALT [2032],,,,,,,,,VOLCANIC ROCK,,,,,WHOLE_ROCK [2032] ,223901.36500000002,9109.967999999999,,83674.5831,,35879.22,45472.049999999996,,88265.45,42393.712,1394.0244,,913.165,16914.3396,654.6315,,13899.999999999998,,,5500.,,,,,,,,,,,,,,,,,,,,,,,,,,,,,,,,,,,,,,,,,,,,,,,,,,,,,,,,,,,,,,,,,,,,,,,,,,,,,,,,,,,,,,,,,,,,,,,,,,,,,,,,,,,,,,,,,,,,,,,,,,,,35475,
[2032],OCEANIC PLATEAU,BERMUDA RISE / BERMUDA RISE / SITE 417 / ATLANTIC OCEAN,HOLE 417D,25.112,25.112,-68.047,-68.047,SUBAQUATIC,-5489,-5489,"s 52-417D-53-2,109-111 [2032]",BASALT [2032],,,,,,,,,VOLCANIC ROCK,,,,,WHOLE_ROCK [2032] ,217777.96650000004,9769.241999999998,,81557.5791,,29584.620000000003,47104.38,,98271.25,39981.551999999996,1781.2534,,1162.21,17359.4538,872.8420000000001,,11399.999999999998,,,15500.,,,,,,,,,,,,,,,,,,,,,,,,,,,,,,,,,,,,,,,,,,,,,,,,,,,,,,,,,,,,,,,,,,,,,,,,,,,,,,,,,,,,,,,,,,,,,,,,,,,,,,,,,,,,,,,,,,,,,,,,,,,,35476,
[2032],OCEANIC PLATEAU,BERMUDA RISE / BERMUDA RISE / SITE 417 / ATLANTIC OCEAN,HOLE 417D,25.112,25.112,-68.047,-68.047,SUBAQUATIC,-5489,-5489,"s 52-417D-54-1,89-91 [2032]",BASALT [2032],,,,,,,,,VOLCANIC ROCK,,,,,WHOLE_ROCK [2032] ,223527.41700000002,9589.44,,82404.38070000001,,34970,47803.950000000004,,89266.03,41911.28,1703.8076,,415.07500000000005,17878.7537,741.9157,,11000.,,,4600.,,,,,,,,,,,,,,,,,,,,,,,,,,,,,,,,,,,,,,,,,,,,,,,,,,,,,,,,,,,,,,,,,,,,,,,,,,,,,,,,,,,,,,,,,,,,,,,,,,,,,,,,,,,,,,,,,,,,,,,,,,,,35477,
[2032],OCEANIC PLATEAU,BERMUDA RISE / BERMUDA RISE / SITE 417 / ATLANTIC OCEAN,HOLE 417D,25.112,25.112,-68.047,-68.047,SUBAQUATIC,-5489,-5489,"s 52-417D-55-2,7-9 [2032]",BASALT [2032],,,,,,,,,VOLCANIC ROCK,,,,,WHOLE_ROCK [2032] ,222686.034,9289.77,,82351.4556,,33990.840000000004,47881.68,,89980.73,40463.984,1548.9160000000002,,664.12,16914.3396,698.2736,,12700.,,,3800.,,,,,,,,,,,,,,,,,,,,,,,,,,,,,,,,,,,,,,,,,,,,,,,,,,,,,,,,,,,,,,,,,,,,,,,,,,,,,,,,,,,,,,,,,,,,,,,,,,,,,,,,,,,,,,,,,,,,,,,,,,,,35478,
[2032],OCEANIC PLATEAU,BERMUDA RISE / BERMUDA RISE / SITE 417 / ATLANTIC OCEAN,HOLE 417D,25.112,25.112,-68.047,-68.047,SUBAQUATIC,-5489,-5489,"s 52-417D-55-4,110-112 [2032]",BASALT [2032],,,,,,,,,VOLCANIC ROCK,,,,,WHOLE_ROCK [2032] ,227781.0755,9229.836,,80922.4779,,29095.04,55965.6,,87836.62999999999,44504.352,1548.9160000000002,,332.06,16543.411099999998,654.6315,,11399.999999999998,,,2700.,,,,,,,,,,,,,,,,,,,,,,,,,,,,,,,,,,,,,,,,,,,,,,,,,,,,,,,,,,,,,,,,,,,,,,,,,,,,,,,,,,,,,,,,,,,,,,,,,,,,,,,,,,,,,,,,,,,,,,,,,,,,35479,
[2032],OCEANIC PLATEAU,BERMUDA RISE / BERMUDA RISE / SITE 417 / ATLANTIC OCEAN,HOLE 417D,25.112,25.112,-68.047,-68.047,SUBAQUATIC,-5489,-5489,"s 52-417D-57-2,62-64 [2032]",BASALT [2032],,,,,,,,,VOLCANIC ROCK,,,,,WHOLE_ROCK [2032] ,222966.49500000002,9169.902,,83092.407,,28955.159999999996,51146.340000000004,,94483.34000000001,40765.50399999999,1394.0244,,332.06,17433.6395,654.6315,,10700.,,,7600.,,,,,,,,,,,,,,,,,,,,,,,,,,,,,,,,,,,,,,,,,,,,,,,,,,,,,,,,,,,,,,,,,,,,,,,,,,,,,,,,,,,,,,,,,,,,,,,,,,,,,,,,,,,,,,,,,,,,,,,,,,,,35480,
[2032],OCEANIC PLATEAU,BERMUDA RISE / BERMUDA RISE / SITE 417 / ATLANTIC OCEAN,HOLE 417D,25.112,25.112,-68.047,-68.047,SUBAQUATIC,-5489,-5489,"s 52-417D-57-3,44-46 [2032]",BASALT [2032],,,,,,,,,VOLCANIC ROCK,,,,,WHOLE_ROCK [2032] ,231240.0945,8870.232,,83304.10740000001,,33291.439999999995,35678.07,,95412.45,39740.335999999996,1161.687,,664.12,18620.610699999997,698.2736,,16299.999999999998,,,3500.,,,,,,,,,,,,,,,,,,,,,,,,,,,,,,,,,,,,,,,,,,,,,,,,,,,,,,,,,,,,,,,,,,,,,,,,,,,,,,,,,,,,,,,,,,,,,,,,,,,,,,,,,,,,,,,,,,,,,,,,,,,,35481,
[2032],OCEANIC PLATEAU,BERMUDA RISE / BERMUDA RISE / SITE 417 / ATLANTIC OCEAN,HOLE 417D,25.112,25.112,-68.047,-68.047,SUBAQUATIC,-5489,-5489,"s 52-417D-59-1,121-123 [2032]",BASALT [2032],,,,,,,,,VOLCANIC ROCK,,,,,WHOLE_ROCK [2032] ,216843.0965,9349.704,,83198.25720000001,,47559.2,35833.530000000006,,91624.54000000001,35096.928,1394.0244,,3818.69,17878.7537,785.5577999999999,,16900.,,,15800.,,,,,,,,,,,,,,,,,,,,,,,,,,,,,,,,,,,,,,,,,,,,,,,,,,,,,,,,,,,,,,,,,,,,,,,,,,,,,,,,,,,,,,,,,,,,,,,,,,,,,,,,,,,,,,,,,,,,,,,,,,,,35482,
[2032],OCEANIC PLATEAU,BERMUDA RISE / BERMUDA RISE / SITE 417 / ATLANTIC OCEAN,HOLE 417D,25.112,25.112,-68.047,-68.047,SUBAQUATIC,-5489,-5489,"s 52-417D-59-5,82-84 [2032]",BASALT [2032],,,,,,,,,VOLCANIC ROCK,,,,,WHOLE_ROCK [2032] ,221143.49850000002,8031.156,,93677.427,,30493.840000000004,37776.780000000006,,97270.67,36303.007999999994,1316.5786,,664.12,17804.568,610.9894,,14600.,,,12500.,,,,,,,,,,,,,,,,,,,,,,,,,,,,,,,,,,,,,,,,,,,,,,,,,,,,,,,,,,,,,,,,,,,,,,,,,,,,,,,,,,,,,,,,,,,,,,,,,,,,,,,,,,,,,,,,,,,,,,,,,,,,35483,
[2032],OCEANIC PLATEAU,BERMUDA RISE / BERMUDA RISE / SITE 417 / ATLANTIC OCEAN,HOLE 417D,25.112,25.112,-68.047,-68.047,SUBAQUATIC,-5489,-5489,"s 52-417D-60-3,109-111 [2032]",BASALT [2032],,,,,,,,,VOLCANIC ROCK,,,,,WHOLE_ROCK [2032] ,220302.11550000004,8210.958,,86903.01420000002,,28745.340000000004,34123.469999999994,,98914.48,41850.976,1239.1328,,415.07500000000005,18027.1251,610.9894,,13400.,,,17000.,,,,,,,,,,,,,,,,,,,,,,,,,,,,,,,,,,,,,,,,,,,,,,,,,,,,,,,,,,,,,,,,,,,,,,,,,,,,,,,,,,,,,,,,,,,,,,,,,,,,,,,,,,,,,,,,,,,,,,,,,,,,35484,
[2032],OCEANIC PLATEAU,BERMUDA RISE / BERMUDA RISE / SITE 417 / ATLANTIC OCEAN,HOLE 417D,25.112,25.112,-68.047,-68.047,SUBAQUATIC,-5489,-5489,"s 52-417D-63-3,105-107 [2032]",BASALT [2032],,,,,,,,,VOLCANIC ROCK,,,,,WHOLE_ROCK [2032] ,226519.00100000002,8031.156,,88808.3178,,30773.600000000002,46560.270000000004,,91910.42,37509.087999999996,1239.1328,,332.06,16395.039699999998,567.3473,,13000.,,,4000.,,,,,,,,,,,,,,,,,,,,,,,,,,,,,,,,,,,,,,,,,,,,,,,,,,,,,,,,,,,,,,,,,,,,,,,,,,,,,,,,,,,,,,,,,,,,,,,,,,,,,,,,,,,,,,,,,,,,,,,,,,,,35485,
[2032],OCEANIC PLATEAU,BERMUDA RISE / BERMUDA RISE / SITE 417 / ATLANTIC OCEAN,HOLE 417D,25.112,25.112,-68.047,-68.047,SUBAQUATIC,-5489,-5489,"s 52-417D-64-1,53-55 [2032]",BASALT [2032],,,,,,,,,VOLCANIC ROCK,,,,,WHOLE_ROCK [2032] ,224275.313,8151.024,,88490.7672,,31053.360000000004,47570.76,,93482.76,35699.968,1316.5786,,332.06,16024.111200000001,654.6315,,12600.,,,5200.,,,,,,,,,,,,,,,,,,,,,,,,,,,,,,,,,,,,,,,,,,,,,,,,,,,,,,,,,,,,,,,,,,,,,,,,,,,,,,,,,,,,,,,,,,,,,,,,,,,,,,,,,,,,,,,,,,,,,,,,,,,,35486,
[2032],OCEANIC PLATEAU,BERMUDA RISE / BERMUDA RISE / SITE 417 / ATLANTIC OCEAN,HOLE 417D,25.112,25.112,-68.047,-68.047,SUBAQUATIC,-5489,-5489,"s 52-417D-65-1,111-113 [2032]",BASALT [2032],,,,,,,,,VOLCANIC ROCK,,,,,WHOLE_ROCK [2032] ,226986.43600000002,8151.024,,87643.9656,,28115.879999999997,49824.93,,91767.48,38654.864,1316.5786,,498.09,16246.6683,654.6315,,10500.,,,4300.,,,,,,,,,,,,,,,,,,,,,,,,,,,,,,,,,,,,,,,,,,,,,,,,,,,,,,,,,,,,,,,,,,,,,,,,,,,,,,,,,,,,,,,,,,,,,,,,,,,,,,,,,,,,,,,,,,,,,,,,,,,,35487,
[2032],OCEANIC PLATEAU,BERMUDA RISE / BERMUDA RISE / SITE 417 / ATLANTIC OCEAN,HOLE 417D,25.112,25.112,-68.047,-68.047,SUBAQUATIC,-5489,-5489,"s 52-417D-65-5,23-25 [2032]",BASALT [2032],,,,,,,,,VOLCANIC ROCK,,,,,WHOLE_ROCK [2032] ,228435.4845,8450.694,,90025.5951,,28115.879999999997,41974.200000000004,,90909.84000000001,39076.992,1703.8076,,415.07500000000005,17507.8252,567.3473,,10100.,,,2200.,,,,,,,,,,,,,,,,,,,,,,,,,,,,,,,,,,,,,,,,,,,,,,,,,,,,,,,,,,,,,,,,,,,,,,,,,,,,,,,,,,,,,,,,,,,,,,,,,,,,,,,,,,,,,,,,,,,,,,,,,,,,35488,
[2032],OCEANIC PLATEAU,BERMUDA RISE / BERMUDA RISE / SITE 417 / ATLANTIC OCEAN,HOLE 417D,25.112,25.112,-68.047,-68.047,SUBAQUATIC,-5489,-5489,"s 52-417D-67-2,71-73 [2032]",BASALT [2032],,,,,,,,,VOLCANIC ROCK,,,,,WHOLE_ROCK [2032] ,226285.2835,7911.288,,88808.3178,,27066.780000000002,49203.090000000004,,92053.36,39619.728,1394.0244,,332.06,15949.9255,480.0631,,11000.,,,1200.,,,,,,,,,,,,,,,,,,,,,,,,,,,,,,,,,,,,,,,,,,,,,,,,,,,,,,,,,,,,,,,,,,,,,,,,,,,,,,,,,,,,,,,,,,,,,,,,,,,,,,,,,,,,,,,,,,,,,,,,,,,,35489,
[2032],OCEANIC PLATEAU,BERMUDA RISE / BERMUDA RISE / SITE 417 / ATLANTIC OCEAN,HOLE 417D,25.112,25.112,-68.047,-68.047,SUBAQUATIC,-5489,-5489,"s 52-417D-68-5,83-85 [2032]",BASALT [2032],,,,,,,,,VOLCANIC ROCK,,,,,WHOLE_ROCK [2032] ,232408.682,8330.826,,84944.78550000001,,27276.6,52390.020000000004,,87836.62999999999,41067.024,1316.5786,,830.1500000000001,17285.2681,567.3473,,8500.,,,1100.,,,,,,,,,,,,,,,,,,,,,,,,,,,,,,,,,,,,,,,,,,,,,,,,,,,,,,,,,,,,,,,,,,,,,,,,,,,,,,,,,,,,,,,,,,,,,,,,,,,,,,,,,,,,,,,,,,,,,,,,,,,,35490,
[2032],OCEANIC PLATEAU,BERMUDA RISE / BERMUDA RISE / SITE 417 / ATLANTIC OCEAN,HOLE 417D,25.112,25.112,-68.047,-68.047,SUBAQUATIC,-5489,-5489,"s 52-417D-69-2,9-11 [2032]",BASALT [2032],,,,,,,,,VOLCANIC ROCK,,,,,WHOLE_ROCK [2032] ,226799.46200000003,7491.75,,89602.1943,,21051.94,54022.35,,87193.4,43599.792,1471.4702,,664.12,16395.039699999998,523.7052,,8800.,,,3100.,,,,,,,,,,,,,,,,,,,,,,,,,,,,,,,,,,,,,,,,,,,,,,,,,,,,,,,,,,,,,,,,,,,,,,,,,,,,,,,,,,,,,,,,,,,,,,,,,,,,,,,,,,,,,,,,,,,,,,,,,,,,35491,
[2032],OCEANIC PLATEAU,BERMUDA RISE / BERMUDA RISE / SITE 418 / ATLANTIC OCEAN,HOLE 418A,25.035,25.035,-68.058,-68.058,SUBAQUATIC,-5519,-5519,"s 53-418A-15-1,27-29 [2032]",BASALT [2032],,,,,,,,,VOLCANIC ROCK,,,,,WHOLE_ROCK [2032] ,218479.11900000004,6532.8060000000005,,90925.3218,,32452.159999999996,32335.68,,94483.34000000001,39740.335999999996,851.9038,,996.18,17507.8252,436.42100000000005,,19400.,,,18800.,,,,,,,,,,,,,,,,,,,,,,,,,,,,,,,,,,,,,,,,,,,,,,,,,,,,,,,,,,,,,,,,,,,,,,,,,,,,,,,,,,,,,,,,,,,,,,,,,,,,,,,,,,,,,,,,,,,,,,,,,,,,35492,
[2032],OCEANIC PLATEAU,BERMUDA RISE / BERMUDA RISE / SITE 418 / ATLANTIC OCEAN,HOLE 418A,25.035,25.035,-68.058,-68.058,SUBAQUATIC,-5519,-5519,"s 53-418A-15-1,124-127 [2032]",BASALT [2032],,,,,,,,,VOLCANIC ROCK,,,,,WHOLE_ROCK [2032] ,228949.663,7311.947999999999,,96694.1577,,26787.02,37232.67,,79546.11,41368.544,929.3496,,1494.27,20030.139,349.1368,,18000.,,,5100.,,,,,,,,,,,,,,,,,,,,,,,,,,,,,,,,,,,,,,,,,,,,,,,,,,,,,,,,,,,,,,,,,,,,,,,,,,,,,,,,,,,,,,,,,,,,,,,,,,,,,,,,,,,,,,,,,,,,,,,,,,,,35493,
[2032],OCEANIC PLATEAU,BERMUDA RISE / BERMUDA RISE / SITE 418 / ATLANTIC OCEAN,HOLE 418A,25.035,25.035,-68.058,-68.058,SUBAQUATIC,-5519,-5519,"s 53-418A-15-2,52-56 [2032]",BASALT [2032],,,,,,,,,VOLCANIC ROCK,,,,,WHOLE_ROCK [2032] ,226285.2835,7311.947999999999,,92618.925,,28465.58,34978.5,,81475.8,42996.75199999999,929.3496,,664.12,18027.1251,436.42100000000005,,20600.,,,1400.0000000000002,,,,,,,,,,,,,,,,,,,,,,,,,,,,,,,,,,,,,,,,,,,,,,,,,,,,,,,,,,,,,,,,,,,,,,,,,,,,,,,,,,,,,,,,,,,,,,,,,,,,,,,,,,,,,,,,,,,,,,,,,,,,35494,
[2032],OCEANIC PLATEAU,BERMUDA RISE / BERMUDA RISE / SITE 418 / ATLANTIC OCEAN,HOLE 418A,25.035,25.035,-68.058,-68.058,SUBAQUATIC,-5519,-5519,"s 53-418A-16-1,72-74 [2032]",BASALT [2032],,,,,,,,,VOLCANIC ROCK,,,,,WHOLE_ROCK [2032] ,225724.3615,7192.079999999999,,94630.0788,,27136.719999999998,30081.510000000002,,79903.45999999999,43418.88,1084.2412000000002,,3735.675,19139.9106,392.77889999999996,,23600.,,,0,,,,,,,,,,,,,,,,,,,,,,,,,,,,,,,,,,,,,,,,,,,,,,,,,,,,,,,,,,,,,,,,,,,,,,,,,,,,,,,,,,,,,,,,,,,,,,,,,,,,,,,,,,,,,,,,,,,,,,,,,,,,35495,
[2032],OCEANIC PLATEAU,BERMUDA RISE / BERMUDA RISE / SITE 418 / ATLANTIC OCEAN,HOLE 418A,25.035,25.035,-68.058,-68.058,SUBAQUATIC,-5519,-5519,"s 53-418A-17-1,134-139 [2032]",BASALT [2032],,,,,,,,,VOLCANIC ROCK,,,,,WHOLE_ROCK [2032] ,223246.956,7012.277999999999,,93677.427,,27136.719999999998,29537.399999999998,,85692.53,41971.583999999995,851.9038,,1494.27,18694.7964,523.7052,,19200.,,,10100.,,,,,,,,,,,,,,,,,,,,,,,,,,,,,,,,,,,,,,,,,,,,,,,,,,,,,,0,120,24,56,4,,,,,,,,,,,,,,,,,,,,,,,,,,,,,,,,,,,,,,,,,,,,,,,,,,,,,,,,,,,,,,,,,,35496,
[2032],OCEANIC PLATEAU,BERMUDA RISE / BERMUDA RISE / SITE 418 / ATLANTIC OCEAN,HOLE 418A,25.035,25.035,-68.058,-68.058,SUBAQUATIC,-5519,-5519,"s 53-418A-17-3,124-126 [2032]",BASALT [2032],,,,,,,,,VOLCANIC ROCK,,,,,WHOLE_ROCK [2032] ,220255.372,6592.74,,89390.4939,,27206.66,34512.12,,100701.23,40584.592,1084.2412000000002,,1079.195,16691.7825,567.3473,,15200.,,,16000.,,,,,,,,,,,,,,,,,,,,,,,,,,,,,,,,,,,,,,,,,,,,,,,,,,,,,,,,,,,,,,,,,,,,,,,,,,,,,,,,,,,,,,,,,,,,,,,,,,,,,,,,,,,,,,,,,,,,,,,,,,,,35497,
[2032],OCEANIC PLATEAU,BERMUDA RISE / BERMUDA RISE / SITE 418 / ATLANTIC OCEAN,HOLE 418A,25.035,25.035,-68.058,-68.058,SUBAQUATIC,-5519,-5519,"s 53-418A-18-2,33-38 [2032]",BASALT [2032],,,,,,,,,VOLCANIC ROCK,,,,,WHOLE_ROCK [2032] ,229510.58500000002,6892.409999999999,,90131.4453,,27696.239999999998,38865,,84620.48,42695.231999999996,929.3496,,830.1500000000001,17804.568,436.42100000000005,,17700.,,,1200.,,,,,,,,,,,,,,,,,,,,,,,,,,,,,,,,,,,,,,,,,,,,,,,,,,,,,,1,105,25,56,4,,,,,,,,,,,,,,,,,,,,,,,,,,,,,,,,,,,,,,,,,,,,,,,,,,,,,,,,,,,,,,,,,,35498,
[2032],OCEANIC PLATEAU,BERMUDA RISE / BERMUDA RISE / SITE 418 / ATLANTIC OCEAN,HOLE 418A,25.035,25.035,-68.058,-68.058,SUBAQUATIC,-5519,-5519,"s 53-418A-18-2,99-123 [2032]",BASALT [2032],,,,,,,,,VOLCANIC ROCK,,,,,WHOLE_ROCK [2032] ,227968.04950000002,6592.74,,85156.4859,,24968.579999999998,44850.21,,89123.09000000001,44866.176,1161.687,,664.12,16765.9682,480.0631,,11800.,,,1200.,,,,,,,,,,,,,,,,,,,,,,,,,,,,,,,,,,,,,,,,,,,,,,,,,,,,,,,,,,,,,,,,,,,,,,,,,,,,,,,,,,,,,,,,,,,,,,,,,,,,,,,,,,,,,,,,,,,,,,,,,,,,35499,
[2032],OCEANIC PLATEAU,BERMUDA RISE / BERMUDA RISE / SITE 418 / ATLANTIC OCEAN,HOLE 418A,25.035,25.035,-68.058,-68.058,SUBAQUATIC,-5519,-5519,"s 53-418A-18-4,26-29 [2032]",BASALT [2032],,,,,,,,,VOLCANIC ROCK,,,,,WHOLE_ROCK [2032] ,230912.89,6592.74,,86267.913,,20982,50757.69,,90481.02,44263.136,1316.5786,,498.09,16246.6683,392.77889999999996,,13700.000000000002,,,1100.,,,,,,,,,,,,,,,,,,,,,,,,,,,,,,,,,,,,,,,,,,,,,,,,,,,,,,,,,,,,,,,,,,,,,,,,,,,,,,,,,,,,,,,,,,,,,,,,,,,,,,,,,,,,,,,,,,,,,,,,,,,,35500,
[2032],OCEANIC PLATEAU,BERMUDA RISE / BERMUDA RISE / SITE 418 / ATLANTIC OCEAN,HOLE 418A,25.035,25.035,-68.058,-68.058,SUBAQUATIC,-5519,-5519,"s 53-418A-18-6,89-94 [2032]",BASALT [2032],,,,,,,,,VOLCANIC ROCK,,,,,WHOLE_ROCK [2032] ,229931.2765,6892.409999999999,,88331.99190000001,,22800.44,45705.24,,91624.54000000001,41911.28,1239.1328,,581.105,16914.3396,436.42100000000005,,12200.,,,1400.0000000000002,,,,,,,,,,,,,,,,,,,,,,,,,,,,,,,,,,,,,,,,,,,,,,,,,,,,,,0,115,23,54,5,,,,,,,,,,,,,,,,,,,,,,,,,,,,,,,,,,,,,,,,,,,,,,,,,,,,,,,,,,,,,,,,,,35501,
[2032],OCEANIC PLATEAU,BERMUDA RISE / BERMUDA RISE / SITE 418 / ATLANTIC OCEAN,HOLE 418A,25.035,25.035,-68.058,-68.058,SUBAQUATIC,-5519,-5519,"s 53-418A-19-2,57-61 [2032]",BASALT [2032],,,,,,,,,VOLCANIC ROCK,,,,,WHOLE_ROCK [2032] ,226098.3095,6652.674,,85262.3361,,21331.699999999997,47415.299999999996,,97913.9,38896.08,1316.5786,,830.1500000000001,16172.482600000001,480.0631,,14600.,,,8400.,,,,,,,,,,,,,,,,,,,,,,,,,,,,,,,,,,,,,,,,,,,,,,,,,,,,,,,,,,,,,,,,,,,,,,,,,,,,,,,,,,,,,,,,,,,,,,,,,,,,,,,,,,,,,,,,,,,,,,,,,,,,35502,
[2032],OCEANIC PLATEAU,BERMUDA RISE / BERMUDA RISE / SITE 418 / ATLANTIC OCEAN,HOLE 418A,25.035,25.035,-68.058,-68.058,SUBAQUATIC,-5519,-5519,"s 53-418A-19-3,66-68 [2032]",BASALT [2032],,,,,,,,,VOLCANIC ROCK,,,,,WHOLE_ROCK [2032] ,234558.88300000003,6532.8060000000005,,88014.44129999999,,21051.94,48814.44,,91624.54000000001,41730.367999999995,1239.1328,,581.105,16691.7825,567.3473,,11500.,,,1800.,,,,,,,,,,,,,,,,,,,,,,,,,,,,,,,,,,,,,,,,,,,,,,,,,,,,,,,,,,,,,,,,,,,,,,,,,,,,,,,,,,,,,,,,,,,,,,,,,,,,,,,,,,,,,,,,,,,,,,,,,,,,35503,
[2032],OCEANIC PLATEAU,BERMUDA RISE / BERMUDA RISE / SITE 418 / ATLANTIC OCEAN,HOLE 418A,25.035,25.035,-68.058,-68.058,SUBAQUATIC,-5519,-5519,"s 53-418A-19-6,100-102 [2032]",BASALT [2032],,,,,,,,,VOLCANIC ROCK,,,,,WHOLE_ROCK [2032] ,231099.864,6412.938,,86267.913,,21401.64,48503.520000000004,,90695.43,44564.655999999995,1239.1328,,664.12,16914.3396,523.7052,,9800.,,,2400.,,,,,,,,,,,,,,,,,,,,,,,,,,,,,,,,,,,,,,,,,,,,,,,,,,,,,,,,,,,,,,,,,,,,,,,,,,,,,,,,,,,,,,,,,,,,,,,,,,,,,,,,,,,,,,,,,,,,,,,,,,,,35504,
[2032],OCEANIC PLATEAU,BERMUDA RISE / BERMUDA RISE / SITE 418 / ATLANTIC OCEAN,HOLE 418A,25.035,25.035,-68.058,-68.058,SUBAQUATIC,-5519,-5519,"s 53-418A-20-1,103-108 [2032]",BASALT [2032],,,,,,,,,VOLCANIC ROCK,,,,,WHOLE_ROCK [2032] ,226565.7445,6173.202,,88120.29149999999,,18813.86,46171.62,,102202.1,40765.50399999999,1394.0244,,747.135,16246.6683,436.42100000000005,,6100.,,,13400.,,,,,,,,,,,,,,,,,,,,,,,,,,,,,,,,,,,,,,,,,,,,,,,,,,,,,,,,,,,,,,,,,,,,,,,,,,,,,,,,,,,,,,,,,,,,,,,,,,,,,,,,,,,,,,,,,,,,,,,,,,,,35505,
[2032],OCEANIC PLATEAU,BERMUDA RISE / BERMUDA RISE / SITE 418 / ATLANTIC OCEAN,HOLE 418A,25.035,25.035,-68.058,-68.058,SUBAQUATIC,-5519,-5519,"s 53-418A-20-2,68-73 [2032]",BASALT [2032],,,,,,,,,VOLCANIC ROCK,,,,,WHOLE_ROCK [2032] ,228622.4585,6173.202,,88279.0668,,20142.719999999998,48192.6,,91410.12999999999,45047.087999999996,1316.5786,,747.135,16691.7825,392.77889999999996,,9200.,,,2300.,,,,,,,,,,,,,,,,,,,,,,,,,,,,,,,,,,,,,,,,,,,,,,,,,,,,,,0,101,21,55,5,,,,,,,,,,,,,,,,,,,,,,,,,,,,,,,,,,,,,,,,,,,,,,,,,,,,,,,,,,,,,,,,,,35506,
[2032],OCEANIC PLATEAU,BERMUDA RISE / BERMUDA RISE / SITE 418 / ATLANTIC OCEAN,HOLE 418A,25.035,25.035,-68.058,-68.058,SUBAQUATIC,-5519,-5519,"s 53-418A-20-3,49-54 [2032]",BASALT [2032],,,,,,,,,VOLCANIC ROCK,,,,,WHOLE_ROCK [2032] ,231286.83800000002,6353.004,,86850.0891,,20842.12,49125.36,,91338.65999999999,45650.128,1239.1328,,747.135,16246.6683,392.77889999999996,,11500.,,,1800.,,,,,,,,,,,,,,,,,,,,,,,,,,,,,,,,,,,,,,,,,,,,,,,,,,,,,,2,108,21,49,4,,,,,,,,,,,,,,,,,,,,,,,,,,,,,,,,,,,,,,,,,,,,,,,,,,,,,,,,,,,,,,,,,,35507,
[2032],OCEANIC PLATEAU,BERMUDA RISE / BERMUDA RISE / SITE 418 / ATLANTIC OCEAN,HOLE 418A,25.035,25.035,-68.058,-68.058,SUBAQUATIC,-5519,-5519,"s 53-418A-20-5,40-42 [2032]",BASALT [2032],,,,,,,,,VOLCANIC ROCK,,,,,WHOLE_ROCK [2032] ,230305.22450000004,6293.07,,88808.3178,,14617.46,53711.43,,98056.84000000001,44745.568,1239.1328,,747.135,15875.739800000001,480.0631,,10000,,,1700.0000000000002,,,,,,,,,,,,,,,,,,,,,,,,,,,,,,,,,,,,,,,,,,,,,,,,,,,,,,,,,,,,,,,,,,,,,,,,,,,,,,,,,,,,,,,,,,,,,,,,,,,,,,,,,,,,,,,,,,,,,,,,,,,,35508,
[2032],OCEANIC PLATEAU,BERMUDA RISE / BERMUDA RISE / SITE 418 / ATLANTIC OCEAN,HOLE 418A,25.035,25.035,-68.058,-68.058,SUBAQUATIC,-5519,-5519,"s 53-418A-20-7,101-104 [2032]",BASALT [2032],,,,,,,,,VOLCANIC ROCK,,,,,WHOLE_ROCK [2032] ,231146.60750000004,6532.8060000000005,,88808.3178,,23919.48,41818.74,,91838.95,43298.272,1161.687,,498.09,17285.2681,436.42100000000005,,12900.,,,2500.,,,,,,,,,,,,,,,,,,,,,,,,,,,,,,,,,,,,,,,,,,,,,,,,,,,,,,2,106,24,43,4,,,,,,,,,,,,,,,,,,,,,,,,,,,,,,,,,,,,,,,,,,,,,,,,,,,,,,,,,,,,,,,,,,35509,
[2032],OCEANIC PLATEAU,BERMUDA RISE / BERMUDA RISE / SITE 418 / ATLANTIC OCEAN,HOLE 418A,25.035,25.035,-68.058,-68.058,SUBAQUATIC,-5519,-5519,"s 53-418A-22-2,55-59 [2032]",BASALT [2032],,,,,,,,,VOLCANIC ROCK,,,,,WHOLE_ROCK [2032] ,229604.07200000001,6712.608,,86426.6883,,22660.56,48892.17,,91696.01,44444.047999999995,1316.5786,,415.07500000000005,15727.3684,436.42100000000005,,9900.,,,800.,,,,,,,,,,,,,,,,,,,,,,,,,,,,,,,,,,,,,,,,,,,,,,,,,,,,,,0,106,23,64,5,,,,,,,,,,,,,,,,,,,,,,,,,,,,,,,,,,,,,,,,,,,,,,,,,,,,,,,,,,,,,,,,,,35510,
[2032],OCEANIC PLATEAU,BERMUDA RISE / BERMUDA RISE / SITE 418 / ATLANTIC OCEAN,HOLE 418A,25.035,25.035,-68.058,-68.058,SUBAQUATIC,-5519,-5519,"s 53-418A-23-1,22-26 [2032]",BASALT [2032],,,,,,,,,VOLCANIC ROCK,,,,,WHOLE_ROCK [2032] ,224462.28700000004,6472.872,,89813.8947,,24758.760000000002,41119.17,,98485.65999999999,38051.82399999999,1084.2412000000002,,664.12,16617.5968,567.3473,,16400.,,,10100.,,,,,,,,,,,,,,,,,,,,,,,,,,,,,,,,,,,,,,,,,,,,,,,,,,,,,,,,,,,,,,,,,,,,,,,,,,,,,,,,,,,,,,,,,,,,,,,,,,,,,,,,,,,,,,,,,,,,,,,,,,,,35511,
[2032],OCEANIC PLATEAU,BERMUDA RISE / BERMUDA RISE / SITE 418 / ATLANTIC OCEAN,HOLE 418A,25.035,25.035,-68.058,-68.058,SUBAQUATIC,-5519,-5519,"s 53-418A-24-1,103-105 [2032]",BASALT [2032],,,,,,,,,VOLCANIC ROCK,,,,,WHOLE_ROCK [2032] ,226752.71850000002,6892.409999999999,,90925.3218,,29025.100000000002,38554.08,,89980.73,41790.672,1084.2412000000002,,747.135,17582.0109,523.7052,,13200.,,,4500.,,,,,,,,,,,,,,,,,,,,,,,,,,,,,,,,,,,,,,,,,,,,,,,,,,,,,,,,,,,,,,,,,,,,,,,,,,,,,,,,,,,,,,,,,,,,,,,,,,,,,,,,,,,,,,,,,,,,,,,,,,,,35512,
[2032],OCEANIC PLATEAU,BERMUDA RISE / BERMUDA RISE / SITE 418 / ATLANTIC OCEAN,HOLE 418A,25.035,25.035,-68.058,-68.058,SUBAQUATIC,-5519,-5519,"s 53-418A-24-2,71-74 [2032]",BASALT [2032],,,,,,,,,VOLCANIC ROCK,,,,,WHOLE_ROCK [2032] ,227734.33200000002,6832.475999999999,,95847.3561,,23919.48,31636.11,,88694.27,41247.935999999994,851.9038,,581.105,18323.8679,480.0631,,15200.,,,8000.,,,,,,,,,,,,,,,,,,,,,,,,,,,,,,,,,,,,,,,,,,,,,,,,,,,,,,,,,,,,,,,,,,,,,,,,,,,,,,,,,,,,,,,,,,,,,,,,,,,,,,,,,,,,,,,,,,,,,,,,,,,,35513,
[2032],OCEANIC PLATEAU,BERMUDA RISE / BERMUDA RISE / SITE 418 / ATLANTIC OCEAN,HOLE 418A,25.035,25.035,-68.058,-68.058,SUBAQUATIC,-5519,-5519,"s 53-418A-25-1,36-38 [2032]",BASALT [2032],,,,,,,,,VOLCANIC ROCK,,,,,WHOLE_ROCK [2032] ,227500.61450000003,6353.004,,91877.9736,,20772.18,45860.700000000004,,94411.87000000001,40886.112,1161.687,,747.135,16840.1539,610.9894,,13600.000000000002,,,6100.,,,,,,,,,,,,,,,,,,,,,,,,,,,,,,,,,,,,,,,,,,,,,,,,,,,,,,,,,,,,,,,,,,,,,,,,,,,,,,,,,,,,,,,,,,,,,,,,,,,,,,,,,,,,,,,,,,,,,,,,,,,,35514,
[2032],OCEANIC PLATEAU,BERMUDA RISE / BERMUDA RISE / SITE 418 / ATLANTIC OCEAN,HOLE 418A,25.035,25.035,-68.058,-68.058,SUBAQUATIC,-5519,-5519,"s 53-418A-25-2,145-148 [2032]",BASALT [2032],,,,,,,,,VOLCANIC ROCK,,,,,WHOLE_ROCK [2032] ,228528.9715,7431.816,,84627.23490000001,,25947.739999999998,41974.200000000004,,92196.3,44805.871999999996,1161.687,,415.07500000000005,17878.7537,480.0631,,15000.,,,4200.,,,,,,,,,,,,,,,,,,,,,,,,,,,,,,,,,,,,,,,,,,,,,,,,,,,,,,,,,,,,,,,,,,,,,,,,,,,,,,,,,,,,,,,,,,,,,,,,,,,,,,,,,,,,,,,,,,,,,,,,,,,,35515,
[2032],OCEANIC PLATEAU,BERMUDA RISE / BERMUDA RISE / SITE 418 / ATLANTIC OCEAN,HOLE 418A,25.035,25.035,-68.058,-68.058,SUBAQUATIC,-5519,-5519,"s 53-418A-26-1,16-20 [2032]",BASALT [2032],,,,,,,,,VOLCANIC ROCK,,,,,WHOLE_ROCK [2032] ,223480.67350000003,6832.475999999999,,88279.0668,,34690.24,33734.82,,93840.11,39981.551999999996,1006.7954,,1577.285,17433.6395,480.0631,,18200.,,,9800.,,,,,,,,,,,,,,,,,,,,,,,,,,,,,,,,,,,,,,,,,,,,,,,,,,,,,,,,,,,,,,,,,,,,,,,,,,,,,,,,,,,,,,,,,,,,,,,,,,,,,,,,,,,,,,,,,,,,,,,,,,,,35516,
[2032],OCEANIC PLATEAU,BERMUDA RISE / BERMUDA RISE / SITE 418 / ATLANTIC OCEAN,HOLE 418A,25.035,25.035,-68.058,-68.058,SUBAQUATIC,-5519,-5519,"s 53-418A-26-2,76-80 [2032]",BASALT [2032],,,,,,,,,VOLCANIC ROCK,,,,,WHOLE_ROCK [2032] ,230632.42900000003,6772.541999999999,,88914.168,,20982,41896.469999999994,,92124.83,44624.96,1161.687,,664.12,17656.1966,480.0631,,14800.,,,1700.0000000000002,,,,,,,,,,,,,,,,,,,,,,,,,,,,,,,,,,,,,,,,,,,,,,,,,,,,,,,,,,,,,,,,,,,,,,,,,,,,,,,,,,,,,,,,,,,,,,,,,,,,,,,,,,,,,,,,,,,,,,,,,,,,35517,
[2032],OCEANIC PLATEAU,BERMUDA RISE / BERMUDA RISE / SITE 418 / ATLANTIC OCEAN,HOLE 418A,25.035,25.035,-68.058,-68.058,SUBAQUATIC,-5519,-5519,"s 53-418A-26-4,144-147 [2032]",BASALT [2032],,,,,,,,,VOLCANIC ROCK,,,,,WHOLE_ROCK [2032] ,229136.63700000005,7911.288,,92671.85010000001,,16715.66,46793.46,,81332.86,40403.68,1084.2412000000002,,2822.51,19881.7676,436.42100000000005,,22599.999999999996,,,5000.,,,,,,,,,,,,,,,,,,,,,,,,,,,,,,,,,,,,,,,,,,,,,,,,,,,,,,,,,,,,,,,,,,,,,,,,,,,,,,,,,,,,,,,,,,,,,,,,,,,,,,,,,,,,,,,,,,,,,,,,,,,,35518,
[2032],OCEANIC PLATEAU,BERMUDA RISE / BERMUDA RISE / SITE 418 / ATLANTIC OCEAN,HOLE 418A,25.035,25.035,-68.058,-68.058,SUBAQUATIC,-5519,-5519,"s 53-418A-27-1,24-26 [2032]",BASALT [2032],,,,,,,,,VOLCANIC ROCK,,,,,WHOLE_ROCK [2032] ,229043.15000000002,7611.6179999999995,,89760.96960000001,,25108.46,40264.14,,85764,46494.384,1548.9160000000002,,498.09,18027.1251,523.7052,,17800.,,,3300.,,,,,,,,,,,,,,,,,,,,,,,,,,,,,,,,,,,,,,,,,,,,,,,,,,,,,,,,,,,,,,,,,,,,,,,,,,,,,,,,,,,,,,,,,,,,,,,,,,,,,,,,,,,,,,,,,,,,,,,,,,,,35519,
[2032],OCEANIC PLATEAU,BERMUDA RISE / BERMUDA RISE / SITE 418 / ATLANTIC OCEAN,HOLE 418A,25.035,25.035,-68.058,-68.058,SUBAQUATIC,-5519,-5519,"s 53-418A-27-2,83-85 [2032]",BASALT [2032],,,,,,,,,VOLCANIC ROCK,,,,,WHOLE_ROCK [2032] ,225677.61800000002,6832.475999999999,,99710.8884,,26227.5,31558.379999999997,,89337.5,39318.20799999999,1471.4702,,1743.3149999999998,18249.6822,567.3473,,16000.,,,9100.,,,,,,,,,,,,,,,,,,,,,,,,,,,,,,,,,,,,,,,,,,,,,,,,,,,,,,,,,,,,,,,,,,,,,,,,,,,,,,,,,,,,,,,,,,,,,,,,,,,,,,,,,,,,,,,,,,,,,,,,,,,,35520,
[2032],OCEANIC PLATEAU,BERMUDA RISE / BERMUDA RISE / SITE 418 / ATLANTIC OCEAN,HOLE 418A,25.035,25.035,-68.058,-68.058,SUBAQUATIC,-5519,-5519,"s 53-418A-28-4,20-24 [2032]",BASALT [2032],,,,,,,,,VOLCANIC ROCK,,,,,WHOLE_ROCK [2032] ,221377.21600000001,6832.475999999999,,96217.8318,,24059.36,34201.200000000004,,96555.97,38413.648,1626.3618,,1494.27,17656.1966,436.42100000000005,,17400.,,,16700.,,,,,,,,,,,,,,,,,,,,,,,,,,,,,,,,,,,,,,,,,,,,,,,,,,,,,,,,,,,,,,,,,,,,,,,,,,,,,,,,,,,,,,,,,,,,,,,,,,,,,,,,,,,,,,,,,,,,,,,,,,,,35521,
[2032],OCEANIC PLATEAU,BERMUDA RISE / BERMUDA RISE / SITE 418 / ATLANTIC OCEAN,HOLE 418A,25.035,25.035,-68.058,-68.058,SUBAQUATIC,-5519,-5519,"s 53-418A-28-5,11-13 [2032]",BASALT [2032],,,,,,,,,VOLCANIC ROCK,,,,,WHOLE_ROCK [2032] ,223807.87800000003,6832.475999999999,,92513.0748,,26647.14,37699.049999999996,,93339.82,41187.632,2788.0488,,2324.42,16543.411099999998,567.3473,,13400.,,,8900.,,,,,,,,,,,,,,,,,,,,,,,,,,,,,,,,,,,,,,,,,,,,,,,,,,,,,,,,,,,,,,,,,,,,,,,,,,,,,,,,,,,,,,,,,,,,,,,,,,,,,,,,,,,,,,,,,,,,,,,,,,,,35522,
[2032],OCEANIC PLATEAU,BERMUDA RISE / BERMUDA RISE / SITE 418 / ATLANTIC OCEAN,HOLE 418A,25.035,25.035,-68.058,-68.058,SUBAQUATIC,-5519,-5519,"s 53-418A-29-1,97-100 [2032]",BASALT [2032],,,,,,,,,VOLCANIC ROCK,,,,,WHOLE_ROCK [2032] ,219881.424,6592.74,,84997.71059999999,,52455.,23629.920000000002,,49671.65,47157.727999999996,697.0122,,18927.42,17656.1966,392.77889999999996,,49600.,,,12200.,,,,,,,,,,,,,,,,,,,,,,,,,,,,,,,,,,,,,,,,,,,,,,,,,,,,,,,,,,,,,,,,,,,,,,,,,,,,,,,,,,,,,,,,,,,,,,,,,,,,,,,,,,,,,,,,,,,,,,,,,,,,35523,
[2032],OCEANIC PLATEAU,BERMUDA RISE / BERMUDA RISE / SITE 418 / ATLANTIC OCEAN,HOLE 418A,25.035,25.035,-68.058,-68.058,SUBAQUATIC,-5519,-5519,"s 53-418A-30-2,124-126 [2032]",BASALT [2032],,,,,,,,,VOLCANIC ROCK,,,,,WHOLE_ROCK [2032] ,227781.0755,6353.004,,97223.40870000001,,22450.739999999998,37776.780000000006,,94340.4,40705.2,1161.687,,415.07500000000005,16320.854000000001,567.3473,,12800.,,,4500.,,,,,,,,,,,,,,,,,,,,,,,,,,,,,,,,,,,,,,,,,,,,,,,,,,,,,,,,,,,,,,,,,,,,,,,,,,,,,,,,,,,,,,,,,,,,,,,,,,,,,,,,,,,,,,,,,,,,,,,,,,,,35524,
[2032],OCEANIC PLATEAU,BERMUDA RISE / BERMUDA RISE / SITE 418 / ATLANTIC OCEAN,HOLE 418A,25.035,25.035,-68.058,-68.058,SUBAQUATIC,-5519,-5519,"s 53-418A-31-1,98-100 [2032]",BASALT [2032],,,,,,,,,VOLCANIC ROCK,,,,,WHOLE_ROCK [2032] ,221377.21600000001,6293.07,,95847.3561,,33501.26,32957.520000000004,,91338.65999999999,37810.60799999999,1316.5786,,3403.615,16172.482600000001,610.9894,,15900.,,,8400.,,,,,,,,,,,,,,,,,,,,,,,,,,,,,,,,,,,,,,,,,,,,,,,,,,,,,,,,,,,,,,,,,,,,,,,,,,,,,,,,,,,,,,,,,,,,,,,,,,,,,,,,,,,,,,,,,,,,,,,,,,,,35525,
[2032],OCEANIC PLATEAU,BERMUDA RISE / BERMUDA RISE / SITE 418 / ATLANTIC OCEAN,HOLE 418A,25.035,25.035,-68.058,-68.058,SUBAQUATIC,-5519,-5519,"s 53-418A-31-3,103-106 [2032]",BASALT [2032],,,,,,,,,VOLCANIC ROCK,,,,,WHOLE_ROCK [2032] ,219741.1935,7371.882,,102833.4693,,32592.04,19354.77,,79689.05,38293.03999999999,1394.0244,,5478.990000000001,18917.353499999997,436.42100000000005,,32000.,,,11600.,,,,,,,,,,,,,,,,,,,,,,,,,,,,,,,,,,,,,,,,,,,,,,,,,,,,,,,,,,,,,,,,,,,,,,,,,,,,,,,,,,,,,,,,,,,,,,,,,,,,,,,,,,,,,,,,,,,,,,,,,,,,35526,
[2032],OCEANIC PLATEAU,BERMUDA RISE / BERMUDA RISE / SITE 418 / ATLANTIC OCEAN,HOLE 418A,25.035,25.035,-68.058,-68.058,SUBAQUATIC,-5519,-5519,"s 53-418A-33-1,75-78 [2032]",BASALT [2032],,,,,,,,,VOLCANIC ROCK,,,,,WHOLE_ROCK [2032] ,222732.7775,5873.531999999999,,97593.88440000001,,22101.04,35600.340000000004,,87979.57,38473.952,1161.687,,5894.065,17804.568,436.42100000000005,,23100.,,,11399.999999999998,,,,,,,,,,,,,,,,,,,,,,,,,,,,,,,,,,,,,,,,,,,,,,,,,,,,,,,,,,,,,,,,,,,,,,,,,,,,,,,,,,,,,,,,,,,,,,,,,,,,,,,,,,,,,,,,,,,,,,,,,,,,35527,
[2032],OCEANIC PLATEAU,BERMUDA RISE / BERMUDA RISE / SITE 418 / ATLANTIC OCEAN,HOLE 418A,25.035,25.035,-68.058,-68.058,SUBAQUATIC,-5519,-5519,"s 53-418A-33-2,85-87 [2032]",BASALT [2032],,,,,,,,,VOLCANIC ROCK,,,,,WHOLE_ROCK [2032] ,221050.01150000002,6712.608,,93359.87640000001,,28675.399999999998,37854.51,,91553.07,37086.96,1161.687,,6641.200000000001,16024.111200000001,610.9894,,18100.,,,13000.,,,,,,,,,,,,,,,,,,,,,,,,,,,,,,,,,,,,,,,,,,,,,,,,,,,,,,,,,,,,,,,,,,,,,,,,,,,,,,,,,,,,,,,,,,,,,,,,,,,,,,,,,,,,,,,,,,,,,,,,,,,,35528,
[2032],OCEANIC PLATEAU,BERMUDA RISE / BERMUDA RISE / SITE 418 / ATLANTIC OCEAN,HOLE 418A,25.035,25.035,-68.058,-68.058,SUBAQUATIC,-5519,-5519,"s 53-418A-33-4,105-108 [2032]",BASALT [2032],,,,,,,,,VOLCANIC ROCK,,,,,WHOLE_ROCK [2032] ,223620.90400000004,6772.541999999999,,95423.95530000002,,28045.94,33423.9,,93625.7,39921.248,1394.0244,,1909.345,16765.9682,480.0631,,17400.,,,8000.,,,,,,,,,,,,,,,,,,,,,,,,,,,,,,,,,,,,,,,,,,,,,,,,,,,,,,,,,,,,,,,,,,,,,,,,,,,,,,,,,,,,,,,,,,,,,,,,,,,,,,,,,,,,,,,,,,,,,,,,,,,,35529,
[2032],OCEANIC PLATEAU,BERMUDA RISE / BERMUDA RISE / SITE 418 / ATLANTIC OCEAN,HOLE 418A,25.035,25.035,-68.058,-68.058,SUBAQUATIC,-5519,-5519,"s 53-418A-33-4,136-139 [2032]",BASALT [2032],,,,,,,,,VOLCANIC ROCK,,,,,WHOLE_ROCK [2032] ,221610.9335,6892.409999999999,,94947.6294,,23290.02,36066.719999999994,,95412.45,40041.85599999999,1316.5786,,1162.21,16914.3396,392.77889999999996,,16299.999999999998,,,18200.,,,,,,,,,,,,,,,,,,,,,,,,,,,,,,,,,,,,,,,,,,,,,,,,,,,,,,,,,,,,,,,,,,,,,,,,,,,,,,,,,,,,,,,,,,,,,,,,,,,,,,,,,,,,,,,,,,,,,,,,,,,,35530,
