Citations,Tectonic Setting,Location,Location Comment,Latitude (Min),Latitude (Max),Longitude (Min),Longitude (Max),Land or Sea,Elevation (Min),Elevation (Max),Sample Name,Rock Name,"Age (a, Min)","Age (a, Max)",Geol,Age,Eruption Day,Eruption Month,Eruption Year,Rock Texture,Rock Type,Drill Depth (Min),Drill Depth (Max),Alteration,Mineral,Material,Si,Ti,B,Al,Cr,Fe3+,Fe2+,Fetot(2+),Ca,Mg,Mn,Ni,K,Na,P,H2O,H2OP,H2OM,H2Otot,CO2,CO,F,Cl,Cl2,OH,CH4,SO2,SO3,SO4,S,LOI,Volatiles,O,Others,HE(CCM/G),HE(CCMSTP/G),HE3(CCMSTP/G),HE3(AT/G),HE4(CCM/G),HE4(CCMSTP/G),HE4(AT/G),HE4(MOLE/G),HE4(NCC/G),HE(NCC/G),Li,Be,B,C,CO2,F,Na,Mg,Al,P,S,Cl,K,Ca,Sc,Ti,V,Cr,Mn,Fe,Co,Ni,Cu,Zn,Ga,Ge,As,Se,Br,Rb,Sr,Y,Zr,Nb,Mo,Ru,Rh,Pd,Ag,Cd,In,Sn,Sb,Te,I,Cs,Ba,La,Ce,Pr,Nd,Sm,Eu,Gd,Tb,Dy,Ho,Er,Tm,Yb,Lu,Hf,Ta,W,Re,Os,Ir,Pt,Au,Hg,Tl,Pb,Bi,Th,U,Nd143/Nd144,Nd143/Nd144 initial,e Nd,Sr87/Sr86,SR87_SR86_INI,PB206_PB204,PB206_PB204_INI,PB207_PB204,PB207_PB204_INI,PB208_PB204,PB208_PB204_INI,OS184_OS188,OS186_OS188,OS187_OS186,OS187_OS188,RE187_OS186,RE187_OS188,HF176_HF177,HE3_HE4,HE3_HE4(R/R(A)),HE4_HE3,HE4_HE3(R/R(A)),K40_AR40,AR40_K40,Unique Id,
[10583],OCEANIC PLATEAU,MANIHIKI PLATEAU / HIGH PLATEAU / DREDGE 2 / PACIFIC OCEAN,,-9.25,-9.25,-164.32,-164.32,SUBAQUATIC,3746,3939,s D2-1 [10583],BASALT [10583],,,,,,,,,VOLCANIC ROCK,,,SLIGHTLY ALTERED,,WHOLE_ROCK [10583] ,236989.54500000004,3416.2379999999994,,77746.9719,,91061.87999999999,,,80260.81,45650.128,1394.0244,,2656.48,14837.14,218.21050000000002,14300.,,,,,,,,,,,,,,,1200.,,,,,,,,,,,,,,,,,,,,,,,,,,,,,,,25,,,53,75,,,,,,,,3.981,60.87,8.7,19.2,6.08,,,,,,,,,,,,0.141,38.5,2.1,3.9,0.497,3.564,1.03,0.362,0.94,0.202,1.51,0.337,1.02,0.164,1.11,0.178,0.55,0.409,,,,,,,,,0.6528,,0.4973,0.1757,0.5129,,,0.70364,,19.144,,15.648,,38.877,,,,,,,,,,,,,,,314732,
[10583],OCEANIC PLATEAU,MANIHIKI PLATEAU / HIGH PLATEAU / DREDGE 3 / PACIFIC OCEAN,,-8.45,-8.45,-163.84,-163.84,SUBAQUATIC,3986,4424,s D3-1 [10583],TRACHYBASALT [10583],,,,,,,,,VOLCANIC ROCK,,,MODERATELY ALTERED,,WHOLE_ROCK [10583] ,226705.975,15882.509999999998,,91242.8724,,59379.060000000005,,,73971.45,9166.207999999999,619.5664,,26896.86,25742.4379,13354.482600000001,12600.,,,,,,,,,,,,,,,18200.,,,,,,,,,,,,,,,,,,,,,,,,,,,,,,,455,,,19,57,,,,,,,,65.41,631.1,59,217,65.2,,,,,,,,,,,,2.36,490,83.9,78.1,16,43.35,8.581,4.18,13.5,2,11.4,2.09,5.48,0.776,4.86,0.708,5.17,6.53,,,,,,,,,2.73,,5.116,1.828,0.512831,,,0.7041,,19.769,,15.673,,39.472,,,,,,,,,,,,,,,314733,
[10583],OCEANIC PLATEAU,MANIHIKI PLATEAU / HIGH PLATEAU / DREDGE 3 / PACIFIC OCEAN,,-8.45,-8.45,-163.84,-163.84,SUBAQUATIC,3986,4424,s D3-2 [10583],TRACHYBASALT [10583],,,,,,,,,VOLCANIC ROCK,,,MODERATELY ALTERED,,WHOLE_ROCK [10583] ,232315.19500000004,15882.509999999998,,96588.30750000001,,50916.32,,,70183.54000000001,7176.1759999999995,542.1206000000001,,29470.324999999997,26781.037699999997,13136.272099999998,14300.,,,,,,,,,,,,,,,19000.,,,,,,,,,,,,,,,,,,,,,,,,,,,,,,,353,,,12,39,,,,,,,,,,,,,,,,,,,,,,,,,,,,,,,,,,,,,,,,,,,,,,,,,,,,,,,,,,,,,,,,,,,,,,,,,,,,,,314734,
[10583],OCEANIC PLATEAU,MANIHIKI PLATEAU / HIGH PLATEAU / DREDGE 3 / PACIFIC OCEAN,,-8.45,-8.45,-163.84,-163.84,SUBAQUATIC,3986,4424,s D3-4 [10583],TRACHYBASALT [10583],,,,,,,,,VOLCANIC ROCK,,,MODERATELY ALTERED,,WHOLE_ROCK [10583] ,229978.02000000002,15822.576,,95582.7306,,53364.22,,,70255.01,7296.784,697.0122,,29138.265,26410.1092,13223.556299999998,15700.,,,,,,,,,,,,,,,19600.,,,,,,,,,,,,,,,,,,,,,,,,,,,,,,,357,,,21,49,,,,,,,,,,,,,,,,,,,,,,,,,,,,,,,,,,,,,,,,,,,,,,,,,,,,,,,,,,,,,,,,,,,,,,,,,,,,,,314735,
[10583],OCEANIC PLATEAU,MANIHIKI PLATEAU / HIGH PLATEAU / DREDGE 4 / PACIFIC OCEAN,,-6.71,-6.71,-162.76,-162.76,SUBAQUATIC,4795,5131,s D4-3 [10583],BASALT [10583],,,,,,,,,VOLCANIC ROCK,,,EXTENSIVELY ALTERED,,WHOLE_ROCK [10583] ,229043.15000000002,5274.192,,86585.4636,,111134.66,,,31160.920000000002,49811.10399999999,774.4580000000001,,35032.329999999994,9940.8838,174.5684,33000.,,,,,,,,,,,,,,,48000.,,,,,,,,,,,,,,,,,,,,,,,,,,,,,,,272,,,45,191,,,,,,,,,,,,,,,,,,,,,,,,,,,,,,,,,,,,,,,,,,,,,,,,,,,,,,,,,,,,,,,,,,,,,,,,,,,,,,314736,
[10583],OCEANIC PLATEAU,MANIHIKI PLATEAU / HIGH PLATEAU / DREDGE 2 / PACIFIC OCEAN,,-9.25,-9.25,-164.32,-164.32,SUBAQUATIC,3746,3939,s D2-2 [10583],BASALT [10583],,,,,,,,,VOLCANIC ROCK,,,SLIGHTLY ALTERED,,WHOLE_ROCK [10583] ,,,,,,,,,,,,,,,,,,,,,,,,,,,,,,,,,,,,,,,,,,,,,,,,,,,,,,,,,,,,,,,,,,,,,,,,,,8.722,72.09,13.7,29.9,9.94,,,,,,,,,,,,0.11,42.9,3.51,6.3,0.833,5.563,1.535,0.499,1.52,0.316,2.29,0.534,1.54,0.253,1.71,0.273,0.836,0.671,,,,,,,,,1.378,,0.729,0.5016,0.512915,,,0.70367,,19.131,,15.657,,38.691,,,,,,,,,,,,,,,314737,
[10583],OCEANIC PLATEAU,MANIHIKI PLATEAU / HIGH PLATEAU / DREDGE 2 / PACIFIC OCEAN,,-9.25,-9.25,-164.32,-164.32,SUBAQUATIC,3746,3939,s D2-3 [10583],BASALT [10583],,,,,,,,,VOLCANIC ROCK,,,SLIGHTLY ALTERED,,WHOLE_ROCK [10583] ,,,,,,,,,,,,,,,,,,,,,,,,,,,,,,,,,,,,,,,,,,,,,,,,,,,,,,,,,,,,,,,,,,,,,,,,,,13.4,71.9,19.9,24.7,8.44,,,,,,,,,,,,0.592,47.9,6.56,7.53,1.215,5.22,1.37,0.549,1.96,0.399,2.8,0.66,1.93,0.31,2.08,0.323,0.745,0.576,,,,,,,,,0.717,,0.628,0.65,,,,,,,,,,,,,,,,,,,,,,,,,314738,
[10583],OCEANIC PLATEAU,MANIHIKI PLATEAU / HIGH PLATEAU / DREDGE 2 / PACIFIC OCEAN,,-9.25,-9.25,-164.32,-164.32,SUBAQUATIC,3746,3939,s D2-6 [10583],BASALT [10583],,,,,,,,,VOLCANIC ROCK,,,SLIGHTLY ALTERED,,WHOLE_ROCK [10583] ,,,,,,,,,,,,,,,,,,,,,,,,,,,,,,,,,,,,,,,,,,,,,,,,,,,,,,,,,,,,,,,,,,,,,,,,,,18.7,68.5,39.6,21.2,5.78,,,,,,,,,,,,0.617,37.3,9.16,5.13,1.249,5.39,1.46,0.586,2.5,0.536,4.22,1.11,3.44,0.566,3.9,0.639,0.581,0.391,,,,,,,,,0.583,,0.446,0.872,,,,,,,,,,,,,,,,,,,,,,,,,314739,
[10583],OCEANIC PLATEAU,MANIHIKI PLATEAU / HIGH PLATEAU / DREDGE 2 / PACIFIC OCEAN,,-9.25,-9.25,-164.32,-164.32,SUBAQUATIC,3746,3939,s D2-8 [10583],BASALT [10583],,,,,,,,,VOLCANIC ROCK,,,SLIGHTLY ALTERED,,WHOLE_ROCK [10583] ,,,,,,,,,,,,,,,,,,,,,,,,,,,,,,,,,,,,,,,,,,,,,,,,,,,,,,,,,,,,,,,,,,,,,,,,,,6.05,62.3,18.2,23.7,7.97,,,,,,,,,,,,0.163,23.6,4.36,9.91,1.091,4.82,1.44,0.59,2.01,0.42,3.1,0.692,1.99,0.325,2.18,0.348,0.73,0.55,,,,,,,,,0.333,,0.608,0.234,,,,,,,,,,,,,,,,,,,,,,,,,314740,
[10583],OCEANIC PLATEAU,MANIHIKI PLATEAU / HIGH PLATEAU / DREDGE 3 / PACIFIC OCEAN,,-8.45,-8.45,-163.84,-163.84,SUBAQUATIC,3986,4424,s D3-2 [10583],TRACHYBASALT [10583],,,,,,,,,VOLCANIC ROCK,,,MODERATELY ALTERED,,WHOLE_ROCK [10583] ,,,,,,,,,,,,,,,,,,,,,,,,,,,,,,,,,,,,,,,,,,,,,,,,,,,,,,,,,,,,,,,,,,,,,,,,,,50.1,483,40.9,202,71.3,,,,,,,,,,,,1.28,516,50.3,53.2,9.65,38.4,7.69,2.65,8.48,1.23,7.33,1.38,3.64,0.53,3.35,0.499,4.74,9.41,,,,,,,,,2.58,,4.29,0.886,,,,,,,,,,,,,,,,,,,,,,,,,314741,
[10583],OCEANIC PLATEAU,MANIHIKI PLATEAU / HIGH PLATEAU / DREDGE 3 / PACIFIC OCEAN,,-8.45,-8.45,-163.84,-163.84,SUBAQUATIC,3986,4424,s D3-4 [10583],TRACHYBASALT [10583],,,,,,,,,VOLCANIC ROCK,,,MODERATELY ALTERED,,WHOLE_ROCK [10583] ,,,,,,,,,,,,,,,,,,,,,,,,,,,,,,,,,,,,,,,,,,,,,,,,,,,,,,,,,,,,,,,,,,,,,,,,,,55.5,459,31.2,179,73.6,,,,,,,,,,,,1.36,509,27.4,32,6.18,26.3,5.86,2.03,6.48,1,5.88,1.15,3.03,0.443,2.9,0.432,4.42,8.37,,,,,,,,,3.98,,2.67,0.899,,,,,,,,,,,,,,,,,,,,,,,,,314742,
[10583],OCEANIC PLATEAU,MANIHIKI PLATEAU / HIGH PLATEAU / DREDGE 4 / PACIFIC OCEAN,,-6.71,-6.71,-162.76,-162.76,SUBAQUATIC,4795,5131,s D4-1 [10583],BASALT [10583],,,,,,,,,VOLCANIC ROCK,,,EXTENSIVELY ALTERED,,WHOLE_ROCK [10583] ,,,,,,,,,,,,,,,,,,,,,,,,,,,,,,,,,,,,,,,,,,,,,,,,,,,,,,,,,,,,,,,,,,,,,,,,,,76.3,116,15.2,27.1,3.52,,,,,,,,,,,,1.94,81.8,3.9,2.22,0.75,3.35,0.962,0.297,1.53,0.356,2.71,0.63,1.88,0.317,2.3,0.354,0.634,0.228,,,,,,,,,1.59,,0.235,0.716,,,,,,,,,,,,,,,,,,,,,,,,,314743,
[10583],OCEANIC PLATEAU,MANIHIKI PLATEAU / HIGH PLATEAU / DREDGE 4 / PACIFIC OCEAN,,-6.71,-6.71,-162.76,-162.76,SUBAQUATIC,4795,5131,s D4-3 [10583],BASALT [10583],,,,,,,,,VOLCANIC ROCK,,,EXTENSIVELY ALTERED,,WHOLE_ROCK [10583] ,,,,,,,,,,,,,,,,,,,,,,,,,,,,,,,,,,,,,,,,,,,,,,,,,,,,,,,,,,,,,,,,,,,,,,,,,,19.09,102.5,10.6,18.7,2.54,,,,,,,,,,,,1.15,119,3.4,2.99,0.93,3.365,1.124,0.487,1.51,0.314,2.13,0.454,1.32,0.209,1.45,0.226,0.671,0.203,,,,,,,,,0.1694,,0.1342,0.1222,0.512873,,,0.70441,,20.247,,15.693,,39.406,,,,,,,,,,,,,,,314744,
[10583],OCEANIC PLATEAU,MANIHIKI PLATEAU / HIGH PLATEAU / DREDGE 2 / PACIFIC OCEAN,,-9.25,-9.25,-164.32,-164.32,SUBAQUATIC,3746,3939,s D2-1 [10583],BASALT [10583],,,,,,,,,VOLCANIC ROCK,,,SLIGHTLY ALTERED,,WHOLE_ROCK [10583] ,,,,,,,,,,,,,,,,,,,,,,,,,,,,,,,,,,,,,,,,,,,,,,,,,,,,,,,,,,,,,,,,,,,,,,,,,,3.41,59.9,8.08,18.6,6.25,,,,,,,,,,,,0.138,39.1,1.89,3.48,0.447,1.95,0.584,0.336,0.853,0.189,1.38,0.313,0.938,0.151,1.08,0.17,0.532,0.422,,,,,,,,,0.556,,0.355,0.0902,,,,,,,,,,,,,,,,,,,,,,,,,314745,
[10583],OCEANIC PLATEAU,MANIHIKI PLATEAU / HIGH PLATEAU / DREDGE 2 / PACIFIC OCEAN,,-9.25,-9.25,-164.32,-164.32,SUBAQUATIC,3746,3939,s D2-1 [10583],BASALT [10583],,,,,,,,,VOLCANIC ROCK,,,SLIGHTLY ALTERED,,WHOLE_ROCK [10583] ,,,,,,,,,,,,,,,,,,,,,,,,,,,,,,,,,,,,,,,,,,,,,,,,,,,,,,,,,,,,,,,,,,,,,,,,,,3.29,58.5,8.62,18.8,5.87,,,,,,,,,,,,0.133,36.6,2,3.71,0.473,2.1,0.622,0.35,0.913,0.202,1.46,0.338,0.998,0.158,1.11,0.172,0.521,0.399,,,,,,,,,0.393,,0.416,0.0899,,,,,,,,,,,,,,,,,,,,,,,,,314746,
[10583],OCEANIC PLATEAU,MANIHIKI PLATEAU / HIGH PLATEAU / DREDGE 2 / PACIFIC OCEAN,,-9.25,-9.25,-164.32,-164.32,SUBAQUATIC,3746,3939,s D2-8 [10583],BASALT [10583],,,,,,,,,VOLCANIC ROCK,,,SLIGHTLY ALTERED,,WHOLE_ROCK [10583] ,,,,,,,,,,,,,,,,,,,,,,,,,,,,,,,,,,,,,,,,,,,,,,,,,,,,,,,,,,,,,,,,,,,,,,,,,,6.08,61.8,18,23.1,7.91,,,,,,,,,,,,0.167,23.6,4.19,9.57,1.07,4.76,1.39,0.565,1.99,0.425,2.99,0.676,1.94,0.319,2.16,0.336,0.705,0.544,,,,,,,,,0.718,,0.597,0.238,,,,,,,,,,,,,,,,,,,,,,,,,314747,
[10583],OCEANIC PLATEAU,MANIHIKI PLATEAU / HIGH PLATEAU / DREDGE 3 / PACIFIC OCEAN,,-8.45,-8.45,-163.84,-163.84,SUBAQUATIC,3986,4424,s D3-1 [10583],TRACHYBASALT [10583],,,,,,,,,VOLCANIC ROCK,,,MODERATELY ALTERED,,WHOLE_ROCK [10583] ,,,,,,,,,,,,,,,,,,,,,,,,,,,,,,,,,,,,,,,,,,,,,,,,,,,,,,,,,,,,,,,,,,,,,,,,,,69.1,517,58.8,212,65.1,,,,,,,,,,,,2.39,441,89,78.4,17.5,69.7,13.7,4.59,14.3,2.12,12.2,2.19,5.55,0.799,5.03,0.717,5.34,4.8,,,,,,,,,3.86,,5.15,1.77,,,,,,,,,,,,,,,,,,,,,,,,,314748,
[10583],OCEANIC PLATEAU,MANIHIKI PLATEAU / HIGH PLATEAU / DREDGE 4 / PACIFIC OCEAN,,-6.71,-6.71,-162.76,-162.76,SUBAQUATIC,4795,5131,s D4-3 [10583],BASALT [10583],,,,,,,,,VOLCANIC ROCK,,,EXTENSIVELY ALTERED,,WHOLE_ROCK [10583] ,,,,,,,,,,,,,,,,,,,,,,,,,,,,,,,,,,,,,,,,,,,,,,,,,,,,,,,,,,,,,,,,,,,,,,,,,,43.7,71.6,10.7,18.2,2.5,,,,,,,,,,,,1.15,117,3.34,2.98,0.937,4.21,1.2,0.485,1.53,0.317,2.12,0.458,1.27,0.209,1.44,0.224,0.675,0.193,,,,,,,,,1.24,,0.169,0.39,,,,,,,,,,,,,,,,,,,,,,,,,314749,
[10583],OCEANIC PLATEAU,MANIHIKI PLATEAU / HIGH PLATEAU / SITE 317 / PACIFIC OCEAN,HOLE 317A,-11.0015,-11.0015,-162.263,-162.263,SUBAQUATIC,-2622,-2622,s 33-317A-32R-1 [10583],BASALT [10583],,,,,,,,,VOLCANIC ROCK,,,,,WHOLE_ROCK [10583] ,,,,,,,,,,,,,,,,,,,,,,,,,,,,,,,,,,,,,,,,,,,,,,,,,,,,,,,,,,,,,,,,,,,,,,,,,,0.31,108,17.1,45.5,2.19,,,,,,,,,,,,0.0028,15.3,3.57,8.11,1.23,6.03,1.9,0.739,2.56,0.462,3.18,0.684,1.91,0.301,2,0.307,1.35,,,,,,,,,,,,0.221,0.0536,,,,,,,,,,,,,,,,,,,,,,,,,314750,
[10583],OCEANIC PLATEAU,MANIHIKI PLATEAU / HIGH PLATEAU / SITE 317 / PACIFIC OCEAN,HOLE 317A,-11.0015,-11.0015,-162.263,-162.263,SUBAQUATIC,-2622,-2622,s 33-317A-33R-3 [10583],BASALT [10583],,,,,,,,,VOLCANIC ROCK,,,,,WHOLE_ROCK [10583] ,,,,,,,,,,,,,,,,,,,,,,,,,,,,,,,,,,,,,,,,,,,,,,,,,,,,,,,,,,,,,,,,,,,,,,,,,,0.66,98,17.1,45.2,2.54,,,,,,,,,,,,0.0018,17.1,2.72,7.15,1.14,5.63,1.83,0.718,2.59,0.465,3.11,0.667,1.87,0.296,1.9,0.291,1.33,,,,,,,,,,,,0.221,0.0522,,,,,,,,,,,,,,,,,,,,,,,,,314751,
[10583],OCEANIC PLATEAU,MANIHIKI PLATEAU / HIGH PLATEAU / SITE 317 / PACIFIC OCEAN,HOLE 317A,-11.0015,-11.0015,-162.263,-162.263,SUBAQUATIC,-2622,-2622,s 33-317A-34R-1 [10583],BASALT [10583],,,,,,,,,VOLCANIC ROCK,,,,,WHOLE_ROCK [10583] ,,,,,,,,,,,,,,,,,,,,,,,,,,,,,,,,,,,,,,,,,,,,,,,,,,,,,,,,,,,,,,,,,,,,,,,,,,0.47,114,17.5,58.3,4.31,,,,,,,,,,,,0.0011,17.8,3.92,9.84,1.46,7.16,2.16,0.822,2.83,0.5,3.26,0.708,1.95,0.297,2.02,0.307,1.65,,,,,,,,,,,,0.366,0.0831,,,,,,,,,,,,,,,,,,,,,,,,,314752,
[10583],OCEANIC PLATEAU,MANIHIKI PLATEAU / HIGH PLATEAU / SITE 317 / PACIFIC OCEAN,HOLE 317A,-11.0015,-11.0015,-162.263,-162.263,SUBAQUATIC,-2622,-2622,s 33-317A-34R-4 [10583],BASALT [10583],,,,,,,,,VOLCANIC ROCK,,,,,WHOLE_ROCK [10583] ,,,,,,,,,,,,,,,,,,,,,,,,,,,,,,,,,,,,,,,,,,,,,,,,,,,,,,,,,,,,,,,,,,,,,,,,,,0.68,117,20.6,66.7,3.63,,,,,,,,,,,,0.0009,23.8,4.47,11.4,1.67,8.29,2.52,0.932,3.27,0.578,3.84,0.822,2.24,0.349,2.26,0.345,1.87,,,,,,,,,,,,0.412,0.0825,,,,,,,,,,,,,,,,,,,,,,,,,314753,
[10583],OCEANIC PLATEAU,MANIHIKI PLATEAU / DANGER ISLAND TROUGHS / DREDGE 78D / PACIFIC OCEAN,,-8.6812,-8.6812,-163.7117,-163.7117,SUBAQUATIC,-4085,-4085,s SOTW14 [10583],BASALT [10583],,,,,,,,,VOLCANIC ROCK,,,,,WHOLE_ROCK [10583] ,,,,,,,,,,,,,,,,,,,,,,,,,,,,,,,,,,,,,,,,,,,,,,,,,,,,,,,,,,,,,,,,,,,,,,,,,,2.58,47.8,15.9,17.1,3.56,,,,,,,,,,,,0.095,22.5,2.16,4.51,0.611,2.56,1.04,0.411,1.74,0.35,2.36,0.566,1.67,0.255,1.69,0.279,0.52,0.253,,,,,,,,,0.201,,0.339,0.0746,,,,,,,,,,,,,,,,,,,,,,,,,314754,
[10583],OCEANIC PLATEAU,MANIHIKI PLATEAU / DANGER ISLAND TROUGHS / DREDGE 78D / PACIFIC OCEAN,,-8.6812,-8.6812,-163.7117,-163.7117,SUBAQUATIC,-4085,-4085,s SOTW15 [10583],BASALT [10583],,,,,,,,,VOLCANIC ROCK,,,,,WHOLE_ROCK [10583] ,,,,,,,,,,,,,,,,,,,,,,,,,,,,,,,,,,,,,,,,,,,,,,,,,,,,,,,,,,,,,,,,,,,,,,,,,,2.12,39.7,16.3,18.1,2.92,,,,,,,,,,,,0.0742,18.5,1.87,4.03,0.554,2.51,1.1,0.436,1.89,0.385,2.63,0.625,1.74,0.288,1.83,0.318,0.58,0.202,,,,,,,,,0.161,,0.31,0.0679,,,,,,,,,,,,,,,,,,,,,,,,,314755,
[1587],OCEANIC PLATEAU,MANIHIKI PLATEAU / HIGH PLATEAU / SITE 317 / PACIFIC OCEAN,HOLE 317A,-11.0015,-11.0015,-162.263,-162.263,SUBAQUATIC,-2622,-2622,s 33-317A-31-1(133-135)_UNLEACHED [1587],BASALT [1587],,,,,,,,HIGHLY VESICULAR [1587] ,VOLCANIC ROCK,,,,,WHOLE_ROCK [1587] ,,,,,,,,,,,,,,,,,,,,,,,,,,,,,,,,,,,,,,,,,,,,,,,,,,,,,,,,,,,,,,,,,,,,,,,,,,0.39,40.93,,,,,,,,,,,,,,,,,,,,,,,,,,,,,,,,,,,,,,,,,,,,,,,,0.70445,,18.355,,15.495,,38.316,,,,,,,,,,,,,,,33365,
[1587],OCEANIC PLATEAU,MANIHIKI PLATEAU / HIGH PLATEAU / SITE 317 / PACIFIC OCEAN,HOLE 317A,-11.0015,-11.0015,-162.263,-162.263,SUBAQUATIC,-2622,-2622,s 33-317A-31-2(52-56) [1587],BASALT [1587],,,,,,,,HIGHLY VESICULAR [1587] ,VOLCANIC ROCK,,,,,WHOLE_ROCK [1587] ,,,,,,,,,,,,,,,,,,,,,,,,,,,,,,,,,,,,,,,,,,,,,,,,,,,,,,,,,,,,,,,,,,,,,,,,,,,,,,,,,,,,,,,,,,,,,,,,,,,,,,,,,,,,,,,,,,,,,,,,,,,,,18.27,,15.495,,38.354,,,,,,,,,,,,,,,33366,
[1587],OCEANIC PLATEAU,MANIHIKI PLATEAU / HIGH PLATEAU / SITE 317 / PACIFIC OCEAN,HOLE 317A,-11.0015,-11.0015,-162.263,-162.263,SUBAQUATIC,-2622,-2622,s 33-317A-31-3(40-42) [1587],BASALT [1587],,,,,,,,HIGHLY VESICULAR [1587] ,VOLCANIC ROCK,,,,,WHOLE_ROCK [1587] ,,,,,,,,,,,,,,,,,,,,,,,,,,,,,,,,,,,,,,,,,,,,,,,,,,,,,,,,,,,,,,,,,,,,,,,,,,,,,,,,,,,,,,,,,,,,,,,,,,,,,,,,,,,,,,,,,,,,0.28,,,,,,,,,18.285,,15.482,,38.299,,,,,,,,,,,,,,,33367,
[1587],OCEANIC PLATEAU,MANIHIKI PLATEAU / HIGH PLATEAU / SITE 317 / PACIFIC OCEAN,HOLE 317A,-11.0015,-11.0015,-162.263,-162.263,SUBAQUATIC,-2622,-2622,s 33-317A-31-3(108-110) [1587],BASALT [1587],,,,,,,,HIGHLY VESICULAR [1587] ,VOLCANIC ROCK,,,,,WHOLE_ROCK [1587] ,,,,,,,,,,,,,,,,,,,,,,,,,,,,,,,,,,,,,,,,,,,,,,,,,,,,,,,,,,,,,,,,,,,,,,,,,,0.81,105.3,,,,,,,,,,,,,,,,,,,,3.573,1.22,,,,,,,,,,,,,,,,,,,,0.24,,,,,,,0.70413,,18.302,,15.496,,38.407,,,,,,,,,,,,,,,33368,
[1587],OCEANIC PLATEAU,MANIHIKI PLATEAU / HIGH PLATEAU / SITE 317 / PACIFIC OCEAN,HOLE 317A,-11.0015,-11.0015,-162.263,-162.263,SUBAQUATIC,-2622,-2622,s 33-317A-32-1(27-29) [1587],BASALT [1587],,,,,,,,HIGHLY VESICULAR [1587] ,VOLCANIC ROCK,,,,,WHOLE_ROCK [1587] ,,,,,,,,,,,,,,,,,,,,,,,,,,,,,,,,,,,,,,,,,,,,,,,,,,,,,,,,,,,,,,,,,,,,,,,,,,,,,,,,,,,,,,,,,,,,,,,,,,,,,,,,,,,,,,,,,,,,,,,,,,,,,18.223,,15.495,,38.362,,,,,,,,,,,,,,,33369,
[1587],OCEANIC PLATEAU,MANIHIKI PLATEAU / HIGH PLATEAU / SITE 317 / PACIFIC OCEAN,HOLE 317A,-11.0015,-11.0015,-162.263,-162.263,SUBAQUATIC,-2622,-2622,s 33-317A-33-3(124-126) [1587],BASALT [1587],,,,,,,,HIGHLY VESICULAR [1587] ,VOLCANIC ROCK,,,,,WHOLE_ROCK [1587] ,,,,,,,,,,,,,,,,,,,,,,,,,,,,,,,,,,,,,,,,,,,,,,,,,,,,,,,,,,,,,,,,,,,,,,,,,,,,,,,,,,,,,,,,,,,,,,,,,,,,,,,,,,,,,,,,,,,,0.3,,,,,,,,,18.232,,15.499,,38.357,,,,,,,,,,,,,,,33370,
[1587],OCEANIC PLATEAU,MANIHIKI PLATEAU / HIGH PLATEAU / SITE 317 / PACIFIC OCEAN,HOLE 317A,-11.0015,-11.0015,-162.263,-162.263,SUBAQUATIC,-2622,-2622,s 33-317A-34-1(141-143) [1587],BASALT [1587],,,,,,,,HIGHLY VESICULAR [1587] ,VOLCANIC ROCK,,,,,WHOLE_ROCK [1587] ,,,,,,,,,,,,,,,,,,,,,,,,,,,,,,,,,,,,,,,,,,,,,,,,,,,,,,,,,,,,,,,,,,,,,,,,,,,,,,,,,,,,,,,,,,,,,,,,,,,,,,,,,,,,,,,,,,,,,,,,,,,,,18.131,,15.47,,38.361,,,,,,,,,,,,,,,33371,
[1587],OCEANIC PLATEAU,MANIHIKI PLATEAU / HIGH PLATEAU / SITE 317 / PACIFIC OCEAN,HOLE 317A,-11.0015,-11.0015,-162.263,-162.263,SUBAQUATIC,-2622,-2622,s 33-317A-34-2(115-117)_UNLEACHED [1587],BASALT [1587],,,,,,,,HIGHLY VESICULAR [1587] ,VOLCANIC ROCK,,,,,WHOLE_ROCK [1587] ,,,,,,,,,,,,,,,,,,,,,,,,,,,,,,,,,,,,,,,,,,,,,,,,,,,,,,,,,,,,,,,,,,,,,,,,,,,,,,,,,,,,,,,,,,,,,,,,,,,,,,,,,,,,,,,,,,,,0.44,,,,,,,,,18.16,,15.489,,38.405,,,,,,,,,,,,,,,33372,
[1587],OCEANIC PLATEAU,MANIHIKI PLATEAU / HIGH PLATEAU / SITE 317 / PACIFIC OCEAN,HOLE 317A,-11.0015,-11.0015,-162.263,-162.263,SUBAQUATIC,-2622,-2622,s 33-317A-34-4(72-74) [1587],BASALT [1587],,,,,,,,HIGHLY VESICULAR [1587] ,VOLCANIC ROCK,,,,,WHOLE_ROCK [1587] ,,,,,,,,,,,,,,,,,,,,,,,,,,,,,,,,,,,,,,,,,,,,,,,,,,,,,,,,,,,,,,,,,,,,,,,,,,1.89,39.38,,,,,,,,,,,,,,,,,,,,3.042,1.299,,,,,,,,,,,,,,,,,,,,,,,,,,,0.70345,,18.136,,15.483,,38.411,,,,,,,,,,,,,,,33373,
[1587],OCEANIC PLATEAU,MANIHIKI PLATEAU / DANGER ISLAND TROUGHS / DREDGE 78D / PACIFIC OCEAN,,-8.6812,-8.6812,-163.7117,-163.7117,SUBAQUATIC,-4085,-4085,"s SOTW-11,78D-14_UNLEACHED [1587]",BASALT [1587],,,,,,,,NO VESICLES [1587] ,VOLCANIC ROCK,,,FRESH,,WHOLE_ROCK [1587] ,,,,,,,,,,,,,,,,,,,,,,,,,,,,,,,,,,,,,,,,,,,,,,,,,,,,,,,,,,,,,,,,,,,,,,,,,,2.2,57.37,,,,,,,,,,,,,,,,,,,,2.593,1.014,,,,,,,,,,,,,,,,,,,,0.21,,,,,,,0.70377,,19.113,,15.588,,38.976,,,,,,,,,,,,,,,33374,
[1587],OCEANIC PLATEAU,MANIHIKI PLATEAU / DANGER ISLAND TROUGHS / DREDGE 78D / PACIFIC OCEAN,,-8.6812,-8.6812,-163.7117,-163.7117,SUBAQUATIC,-4085,-4085,"s SOTW-11,78D-15_UNLEACHED [1587]",BASALT [1587],,,,,,,,NO VESICLES [1587] ,VOLCANIC ROCK,,,FRESH,,WHOLE_ROCK [1587] ,,,,,,,,,,,,,,,,,,,,,,,,,,,,,,,,,,,,,,,,,,,,,,,,,,,,,,,,,,,,,,,,,,,,,,,,,,,,,,,,,,,,,,,,,,,,,,,,,,,,,,,,,,,,,,,,,,,,0.16,,,,,,,,,19.172,,15.576,,39.034,,,,,,,,,,,,,,,33375,
[1587],OCEANIC PLATEAU,MANIHIKI PLATEAU / DANGER ISLAND TROUGHS / DREDGE 78D / PACIFIC OCEAN,,-8.6812,-8.6812,-163.7117,-163.7117,SUBAQUATIC,-4085,-4085,"s SOTW-11,78D-16_LEACHED [1587]",BASALT [1587],,,,,,,,NO VESICLES [1587] ,VOLCANIC ROCK,,,FRESH,,WHOLE_ROCK [1587] ,,,,,,,,,,,,,,,,,,,,,,,,,,,,,,,,,,,,,,,,,,,,,,,,,,,,,,,,,,,,,,,,,,,,,,,,,,,,,,,,,,,,,,,,,,,,,,,,,,,,,,,,,,,,,,,,,,,,0.31,,,,,,,,,19.345,,15.587,,39.138,,,,,,,,,,,,,,,33376,
[1913],OCEANIC PLATEAU,MANIHIKI PLATEAU / HIGH PLATEAU / SITE 317 / PACIFIC OCEAN,HOLE 317A,-11.0015,-11.0015,-162.263,-162.263,SUBAQUATIC,-2622,-2622,s M317A-34-4(72-74)_UNLEACHED [1913],THOLEIITE [1913],,,,CRETACEOUS [1913],,,,,VOLCANIC ROCK,,,,,WHOLE_ROCK [1913] ,,,,,,,,,,,,,,,,,,,,,,,,,,,,,,,,,,,,,,,,,,,,,,,,,,,,,,,,,,,,,,,,,,,,,,,,,,0.641,115.9,,,,,,,,,,,,,,,,,,,,8.762,2.683,,,,,,,,,,,,,,,,,,,,,,,,0.512742,,,0.70444,,,,,,,,,,,,,,,,,,,,,38429,
[1913],OCEANIC PLATEAU,MANIHIKI PLATEAU / HIGH PLATEAU / SITE 317 / PACIFIC OCEAN,HOLE 317A,-11.0015,-11.0015,-162.263,-162.263,SUBAQUATIC,-2622,-2622,s M317A-34-1(141-143)_UNLEACHED [1913],THOLEIITE [1913],,,,CRETACEOUS [1913],,,,,VOLCANIC ROCK,,,,,WHOLE_ROCK [1913] ,,,,,,,,,,,,,,,,,,,,,,,,,,,,,,,,,,,,,,,,,,,,,,,,,,,,,,,,,,,,,,,,,,,,,,,,,,0.92,99.36,,,,,,,,,,,,,,,,,,,,9.06,2.822,,,,,,,,,,,,,,,,,,,,,,,,0.512676,,,0.70454,,,,,,,,,,,,,,,,,,,,,38430,
[1913],OCEANIC PLATEAU,MANIHIKI PLATEAU / HIGH PLATEAU / SITE 317 / PACIFIC OCEAN,HOLE 317A,-11.0015,-11.0015,-162.263,-162.263,SUBAQUATIC,-2622,-2622,s M317A-34-1(56-58)_UNLEACHED [1913],THOLEIITE [1913],,,,CRETACEOUS [1913],,,,,VOLCANIC ROCK,,,,,WHOLE_ROCK [1913] ,,,,,,,,,,,,,,,,,,,,,,,,,,,,,,,,,,,,,,,,,,,,,,,,,,,,,,,,,,,,,,,,,,,,,,,,,,0.491,115.6,,,,,,,,,,,,,,,,,,,,7.56,2.317,,,,,,,,,,,,,,,,,,,,,,,,0.512746,,,0.70452,,,,,,,,,,,,,,,,,,,,,38431,
[1913],OCEANIC PLATEAU,MANIHIKI PLATEAU / HIGH PLATEAU / SITE 317 / PACIFIC OCEAN,HOLE 317A,-11.0015,-11.0015,-162.263,-162.263,SUBAQUATIC,-2622,-2622,s M317A-33-3(124-126)_UNLEACHED [1913],THOLEIITE [1913],,,,CRETACEOUS [1913],,,,,VOLCANIC ROCK,,,,,WHOLE_ROCK [1913] ,,,,,,,,,,,,,,,,,,,,,,,,,,,,,,,,,,,,,,,,,,,,,,,,,,,,,,,,,,,,,,,,,,,,,,,,,,0.641,99.32,,,,,,,,,,,,,,,,,,,,6.085,2.011,,,,,,,,,,,,,,,,,,,,,,,,0.512812,,,0.70432,,,,,,,,,,,,,,,,,,,,,38432,
[1913],OCEANIC PLATEAU,MANIHIKI PLATEAU / HIGH PLATEAU / SITE 317 / PACIFIC OCEAN,HOLE 317A,-11.0015,-11.0015,-162.263,-162.263,SUBAQUATIC,-2622,-2622,s M317A-32-1(27-29)_UNLEACHED [1913],THOLEIITE [1913],,,,CRETACEOUS [1913],,,,,VOLCANIC ROCK,,,,,WHOLE_ROCK [1913] ,,,,,,,,,,,,,,,,,,,,,,,,,,,,,,,,,,,,,,,,,,,,,,,,,,,,,,,,,,,,,,,,,,,,,,,,,,0.292,109.6,,,,,,,,,,,,,,,,,,,,6.477,2.119,,,,,,,,,,,,,,,,,,,,,,,,0.512813,,,0.70423,,,,,,,,,,,,,,,,,,,,,38433,
[1913],OCEANIC PLATEAU,MANIHIKI PLATEAU / HIGH PLATEAU / SITE 317 / PACIFIC OCEAN,HOLE 317A,-11.0015,-11.0015,-162.263,-162.263,SUBAQUATIC,-2622,-2622,s M317A-31-3(40-42)_UNLEACHED [1913],THOLEIITE [1913],,,,CRETACEOUS [1913],,,,,VOLCANIC ROCK,,,,,WHOLE_ROCK [1913] ,,,,,,,,,,,,,,,,,,,,,,,,,,,,,,,,,,,,,,,,,,,,,,,,,,,,,,,,,,,,,,,,,,,,,,,,,,1.17,112.8,,,,,,,,,,,,,,,,,,,,6.544,2.207,,,,,,,,,,,,,,,,,,,,,,,,0.512902,,,0.70451,,,,,,,,,,,,,,,,,,,,,38434,
[1913],OCEANIC PLATEAU,MANIHIKI PLATEAU / HIGH PLATEAU / SITE 317 / PACIFIC OCEAN,HOLE 317A,-11.0015,-11.0015,-162.263,-162.263,SUBAQUATIC,-2622,-2622,s M317A-34-4(72-74)_LEACHED [1913],THOLEIITE [1913],,,,CRETACEOUS [1913],,,,,VOLCANIC ROCK,,,,,WHOLE_ROCK [1913] ,,,,,,,,,,,,,,,,,,,,,,,,,,,,,,,,,,,,,,,,,,,,,,,,,,,,,,,,,,,,,,,,,,,,,,,,,,0.392,122.6,,,,,,,,,,,,,,,,,,,,1.86,0.8346,,,,,,,,,,,,,,,,,,,,,,,,0.512805,,,0.70431,,,,,,,,,,,,,,,,,,,,,48972,
[1913],OCEANIC PLATEAU,MANIHIKI PLATEAU / HIGH PLATEAU / SITE 317 / PACIFIC OCEAN,HOLE 317A,-11.0015,-11.0015,-162.263,-162.263,SUBAQUATIC,-2622,-2622,s M317A-34-1(141-143)_LEACHED [1913],THOLEIITE [1913],,,,CRETACEOUS [1913],,,,,VOLCANIC ROCK,,,,,WHOLE_ROCK [1913] ,,,,,,,,,,,,,,,,,,,,,,,,,,,,,,,,,,,,,,,,,,,,,,,,,,,,,,,,,,,,,,,,,,,,,,,,,,0.199,120.4,,,,,,,,,,,,,,,,,,,,,,,,,,,,,,,,,,,,,,,,,,,,,,,,0.70432,,,,,,,,,,,,,,,,,,,,,48973,
[1913],OCEANIC PLATEAU,MANIHIKI PLATEAU / HIGH PLATEAU / SITE 317 / PACIFIC OCEAN,HOLE 317A,-11.0015,-11.0015,-162.263,-162.263,SUBAQUATIC,-2622,-2622,s M317A-34-1(56-58)_LEACHED [1913],THOLEIITE [1913],,,,CRETACEOUS [1913],,,,,VOLCANIC ROCK,,,,,WHOLE_ROCK [1913] ,,,,,,,,,,,,,,,,,,,,,,,,,,,,,,,,,,,,,,,,,,,,,,,,,,,,,,,,,,,,,,,,,,,,,,,,,,0.188,118,,,,,,,,,,,,,,,,,,,,1.456,0.6334,,,,,,,,,,,,,,,,,,,,,,,,0.512808,,,0.70429,,,,,,,,,,,,,,,,,,,,,48974,
[1913],OCEANIC PLATEAU,MANIHIKI PLATEAU / HIGH PLATEAU / SITE 317 / PACIFIC OCEAN,HOLE 317A,-11.0015,-11.0015,-162.263,-162.263,SUBAQUATIC,-2622,-2622,s M317A-33-3(124-126)_LEACHED [1913],THOLEIITE [1913],,,,CRETACEOUS [1913],,,,,VOLCANIC ROCK,,,,,WHOLE_ROCK [1913] ,,,,,,,,,,,,,,,,,,,,,,,,,,,,,,,,,,,,,,,,,,,,,,,,,,,,,,,,,,,,,,,,,,,,,,,,,,0.258,77.52,,,,,,,,,,,,,,,,,,,,1.552,0.753,,,,,,,,,,,,,,,,,,,,,,,,0.512905,,,0.70402,,,,,,,,,,,,,,,,,,,,,48975,
[1913],OCEANIC PLATEAU,MANIHIKI PLATEAU / HIGH PLATEAU / SITE 317 / PACIFIC OCEAN,HOLE 317A,-11.0015,-11.0015,-162.263,-162.263,SUBAQUATIC,-2622,-2622,s M317A-31-3(40-42)_LEACHED [1913],THOLEIITE [1913],,,,CRETACEOUS [1913],,,,,VOLCANIC ROCK,,,,,WHOLE_ROCK [1913] ,,,,,,,,,,,,,,,,,,,,,,,,,,,,,,,,,,,,,,,,,,,,,,,,,,,,,,,,,,,,,,,,,,,,,,,,,,0.161,103.3,,,,,,,,,,,,,,,,,,,,0.9662,0.4,,,,,,,,,,,,,,,,,,,,,,,,0.512946,,,0.70401,,,,,,,,,,,,,,,,,,,,,48980,
[1587],OCEANIC PLATEAU,MANIHIKI PLATEAU / HIGH PLATEAU / SITE 317 / PACIFIC OCEAN,HOLE 317A,-11.0015,-11.0015,-162.263,-162.263,SUBAQUATIC,-2622,-2622,s 33-317A-31-1(133-135)_LEACHED [1587],BASALT [1587],,,,,,,,HIGHLY VESICULAR [1587] ,VOLCANIC ROCK,,,,,WHOLE_ROCK [1587] ,,,,,,,,,,,,,,,,,,,,,,,,,,,,,,,,,,,,,,,,,,,,,,,,,,,,,,,,,,,,,,,,,,,,,,,,,,0.28,38.83,,,,,,,,,,,,,,,,,,,,0.892,0.4302,,,,,,,,,,,,,,,,,,,,,,,,,,,0.70403,,18.398,,15.492,,38.322,,,,,,,,,,,,,,,48981,
[1587],OCEANIC PLATEAU,MANIHIKI PLATEAU / HIGH PLATEAU / SITE 317 / PACIFIC OCEAN,HOLE 317A,-11.0015,-11.0015,-162.263,-162.263,SUBAQUATIC,-2622,-2622,s 33-317A-34-2(115-117)_LEACHED [1587],BASALT [1587],,,,,,,,HIGHLY VESICULAR [1587] ,VOLCANIC ROCK,,,,,WHOLE_ROCK [1587] ,,,,,,,,,,,,,,,,,,,,,,,,,,,,,,,,,,,,,,,,,,,,,,,,,,,,,,,,,,,,,,,,,,,,,,,,,,1,107.3,,,,,,,,,,,,,,,,,,,,1.345,0.5766,,,,,,,,,,,,,,,,,,,,0.23,,,,,,,0.70427,,18.095,,15.48,,38.316,,,,,,,,,,,,,,,48982,
[1587],OCEANIC PLATEAU,MANIHIKI PLATEAU / DANGER ISLAND TROUGHS / DREDGE 78D / PACIFIC OCEAN,,-8.6812,-8.6812,-163.7117,-163.7117,SUBAQUATIC,-4085,-4085,"s SOTW-11,78D-14_LEACHED [1587]",BASALT [1587],,,,,,,,NO VESICLES [1587] ,VOLCANIC ROCK,,,FRESH,,WHOLE_ROCK [1587] ,,,,,,,,,,,,,,,,,,,,,,,,,,,,,,,,,,,,,,,,,,,,,,,,,,,,,,,,,,,,,,,,,,,,,,,,,,1.71,42.49,,,,,,,,,,,,,,,,,,,,3.012,1.185,,,,,,,,,,,,,,,,,,,,0.21,,,,,,,0.70359,,19.112,,15.574,,38.937,,,,,,,,,,,,,,,48983,
[1587],OCEANIC PLATEAU,MANIHIKI PLATEAU / DANGER ISLAND TROUGHS / DREDGE 78D / PACIFIC OCEAN,,-8.6812,-8.6812,-163.7117,-163.7117,SUBAQUATIC,-4085,-4085,"s SOTW-11,78D-15_LEACHED [1587]",BASALT [1587],,,,,,,,NO VESICLES [1587] ,VOLCANIC ROCK,,,FRESH,,WHOLE_ROCK [1587] ,,,,,,,,,,,,,,,,,,,,,,,,,,,,,,,,,,,,,,,,,,,,,,,,,,,,,,,,,,,,,,,,,,,,,,,,,,3.45,63.13,,,,,,,,,,,,,,,,,,,,5.136,1.726,,,,,,,,,,,,,,,,,,,,0.34,,,,,,,0.7035,,19.174,,15.57,,39.041,,,,,,,,,,,,,,,48984,
[14855],OCEANIC PLATEAU,MANIHIKI PLATEAU / HIGH PLATEAU / SITE 317 / PACIFIC OCEAN,HOLE 317A,-11.0015,-11.0015,-162.263,-162.263,SUBAQUATIC,-2622,-2622,s 33-317A 31R2W 73-83 [14855],BASALT [14855],,,,CRETACEOUS [14855],,,,,VOLCANIC ROCK,,,,,WHOLE_ROCK [14855] ,228762.689,6652.674,,82086.8301,,,,74698.53,73828.51,48182.896,1084.2412000000002,,1411.255,15727.3684,567.3473,14700.,,,,4700.,,,,,,,,,,,,,,,,,,,,,,,,,,,,,,,,,,,,,,,39,,253,300,,,36.8,81.4,80.9,64.5,15.4,,,,,1.34,126,20.5,59.5,2.8,,,,,,,,,,,,0.003,13.6,3.16,8.61,1.4,7.17,2.33,0.893,2.99,0.547,3.66,0.777,2.18,0.333,2.25,0.34,1.7,0.174,,,,,,,,,0.482,,0.314,0.071,0.51281,,,0.704096,,18.228,,15.479,,38.34,,,,,,,,,,,,,,,493089,
[14855],OCEANIC PLATEAU,MANIHIKI PLATEAU / HIGH PLATEAU / SITE 317 / PACIFIC OCEAN,HOLE 317A,-11.0015,-11.0015,-162.263,-162.263,SUBAQUATIC,-2622,-2622,s 33-317A 31R3W 43-50 [14855],BASALT [14855],,,,CRETACEOUS [14855],,,,,VOLCANIC ROCK,,,,,WHOLE_ROCK [14855] ,229230.124,5753.664,,80816.6277,,,,70190.18999999999,80403.75,52946.91199999999,2555.7114,,498.09,14392.0258,436.42100000000005,35500.,,,,3200.,,,,,,,,,,,,,,,,,,,,,,,,,,,,,,,,,,,,,,,37.4,,260,343,,,37.4,85.8,167,76.6,14.7,,,,,0.223,117,19.3,50,2.34,,,,,,,,,,,,0.002,12.8,2.95,7.94,1.28,6.6,2.16,0.827,2.84,0.522,3.49,0.747,2.08,0.311,2.03,0.3,1.45,0.148,,,,,,,,,0.387,,0.256,0.118,0.512807,,,0.704019,,18.341,,15.493,,38.344,,,,,,,,0.282988,,,,,,,493090,
[14855],OCEANIC PLATEAU,MANIHIKI PLATEAU / HIGH PLATEAU / SITE 317 / PACIFIC OCEAN,HOLE 317A,-11.0015,-11.0015,-162.263,-162.263,SUBAQUATIC,-2622,-2622,s 33-317A 31R4W 12-23 [14855],BASALT [14855],,,,CRETACEOUS [14855],,,,,VOLCANIC ROCK,,,,,WHOLE_ROCK [14855] ,234886.08750000002,5993.4,,78434.9982,,,,77574.54000000001,83905.78,48243.2,1936.145,,581.105,14317.8401,436.42100000000005,25400.,,,,2500.,,,,,,,,,,,,,,,,,,,,,,,,,,,,,,,,,,,,,,,39.9,,277,271,,,37.2,72.2,95.9,78.9,15,,,,,0.402,112,20.4,51.8,2.45,,,,,,,,,,,,0.002,44.4,2.99,7.91,1.27,6.55,2.16,0.836,2.87,0.528,3.59,0.77,2.19,0.335,2.26,0.343,1.48,0.15,,,,,,,,,0.358,,0.253,0.065,0.512819,,,0.704003,,18.257,,15.478,,38.341,,,,,,,,,,,,,,,493091,
[14855],OCEANIC PLATEAU,MANIHIKI PLATEAU / HIGH PLATEAU / SITE 317 / PACIFIC OCEAN,HOLE 317A,-11.0015,-11.0015,-162.263,-162.263,SUBAQUATIC,-2622,-2622,s 33-317A 32R2W 54-62 [14855],BASALT [14855],,,,CRETACEOUS [14855],,,,,VOLCANIC ROCK,,,,,WHOLE_ROCK [14855] ,233997.96100000004,6053.334,,81557.5791,,,,79129.14,83905.78,42393.712,1858.6992,,747.135,14392.0258,349.1368,24800.,,,,1900.,,,,,,,,,,,,,,,,,,,,,,,,,,,,,,,,,,,,,,,37.7,,276,142,,,35.6,59.4,87.4,79.5,15.2,,,,,0.51,109,20.2,50.1,2.38,,,,,,,,,,,,0.002,19.1,2.91,7.75,1.24,6.4,2.12,0.831,2.8,0.521,3.55,0.769,2.17,0.335,2.25,0.34,1.45,0.151,,,,,,,,,0.426,,0.246,0.063,0.512826,,,0.704062,,18.214,,15.48,,38.306,,,,,,,,0.283009,,,,,,,493092,
[14855],OCEANIC PLATEAU,MANIHIKI PLATEAU / HIGH PLATEAU / SITE 317 / PACIFIC OCEAN,HOLE 317A,-11.0015,-11.0015,-162.263,-162.263,SUBAQUATIC,-2622,-2622,s 33-317A 33R4W 81-89 [14855],BASALT [14855],,,,CRETACEOUS [14855],,,,,VOLCANIC ROCK,,,,,WHOLE_ROCK [14855] ,231427.06850000002,7911.288,,80234.4516,,,,75398.09999999999,78759.94,45891.344,2710.6029999999996,,1162.21,15504.811299999998,654.6315,33000.,,,,3700.,,,,,,,,,,,,,,,,,,,,,,,,,,,,,,,,,,,,,,,38.5,,284,288,,,33.8,81.7,146,92.2,16.8,,,,,0.814,129,24.8,80.6,4.09,,,,,,,,,,,,0.006,23,5.25,13.4,2.06,10.1,3.08,1.09,3.81,0.684,4.48,0.934,2.6,0.393,2.64,0.397,2.2,0.248,,,,,,,,,0.602,,0.506,0.106,0.51274,,,0.704606,,18.142,,15.465,,38.399,,,,,,,,,,,,,,,493093,
[14855],OCEANIC PLATEAU,MANIHIKI PLATEAU / HIGH PLATEAU / SITE 317 / PACIFIC OCEAN,HOLE 317A,-11.0015,-11.0015,-162.263,-162.263,SUBAQUATIC,-2622,-2622,s 33-317A 34R2W 106-119 [14855],BASALT [14855],,,,CRETACEOUS [14855],,,,,VOLCANIC ROCK,,,,,WHOLE_ROCK [14855] ,238812.54150000002,6412.938,,79863.9759,,,,67391.91,82047.56,45529.52,2478.2656,,1660.3000000000002,15356.439899999998,523.7052,25400.,,,,2800.0000000000005,,,,,,,,,,,,,,,,,,,,,,,,,,,,,,,,,,,,,,,36.8,,267,361,,,31.8,87.8,97.5,92.4,15.4,,,,,1.75,118,21.6,64.2,3.21,,,,,,,,,,,,0.011,21.6,4.31,11.3,1.72,8.47,2.57,0.949,3.25,0.579,3.82,0.807,2.25,0.342,2.25,0.337,1.789,0.197,,,,,,,,,0.548,,0.404,0.081,0.512753,,,0.704337,,18.126,,15.472,,38.373,,,,,,,,0.282938,,,,,,,493094,
[14855],OCEANIC PLATEAU,MANIHIKI PLATEAU / HIGH PLATEAU / SITE 317 / PACIFIC OCEAN,HOLE 317A,-11.0015,-11.0015,-162.263,-162.263,SUBAQUATIC,-2622,-2622,s 33-317A 34R4W 125-135 [14855],BASALT [14855],,,,CRETACEOUS [14855],,,,,VOLCANIC ROCK,,,,,WHOLE_ROCK [14855] ,235213.29200000002,6772.541999999999,,79175.9496,,,,77030.43000000001,83762.84000000001,44685.263999999996,1548.9160000000002,,1328.24,15208.068499999998,436.42100000000005,25200.,,,,2600.,,,,,,,,,,,,,,,,,,,,,,,,,,,,,,,,,,,,,,,36.4,,269,327,,,34.7,89.1,39.2,79.9,15.5,,,,,0.962,117,21.9,67,3.35,,,,,,,,,,,,0.004,25.2,4.08,11.1,1.75,8.65,2.67,0.961,3.37,0.606,4,0.843,2.33,0.353,2.353,0.353,1.86,0.207,,,,,,,,,0.606,,0.421,0.087,0.512749,,,0.704336,,18.141,,15.469,,38.393,,,,,,,,,,,,,,,493095,
[2008],OCEANIC PLATEAU,MANIHIKI PLATEAU / HIGH PLATEAU / SITE 317 / PACIFIC OCEAN,HOLE 317A,-11.0015,-11.0015,-162.263,-162.263,SUBAQUATIC,-2622,-2622,"s 33-317A-31-1,144-146 [2008]",BASALT [2008],,,,,,,,,VOLCANIC ROCK,,,MODERATELY ALTERED,,WHOLE_ROCK [2008] ,219600.963,5933.465999999999,,71872.2858,,38886.64,38865,,65680.93,57891.84,1936.145,,332.06,15653.182699999998,523.7052,,19400.,50599.99999999999,,0,,,450.,,,,,,,150.,,,,,,,,,,,,,,,,,,,,,,,,,,,,,41.1,,230,328,,,51.3,60,,0,,,,,,,,22,0,,,,,,,,,,,,,0,,,0,,,,0.74,0,0.4,,,,,2,,1.2,0.3,,,,,,,,,,,0,0.1,,,,,,,,,,,,,,,,,,,,,,,,,51046,
[2008],OCEANIC PLATEAU,MANIHIKI PLATEAU / HIGH PLATEAU / SITE 317 / PACIFIC OCEAN,HOLE 317A,-11.0015,-11.0015,-162.263,-162.263,SUBAQUATIC,-2622,-2622,"s 33-317A-31-2,37-39 [2008]",BASALT [2008],,,,,,,,,VOLCANIC ROCK,,,MODERATELY ALTERED,,WHOLE_ROCK [2008] ,218712.8365,5453.994,,71078.4093,,37697.659999999996,39953.219999999994,,64108.590000000004,58555.184,1781.2534,,332.06,16543.411099999998,567.3473,,21400.,46000.,,0,,,500.,,,,,,,110.,,,,,,,,,,,,,,,,,,,,,,,,,,,,,40.4,,215,358,,,50,92,,0,,,,,,,,21,0,,,,,,,,,,,,,0,,,0,,,,0.88,0,0.4,,,,,2.1,,1.2,0.2,,,,,,,,,,,0,0,,,,,,,,,,,,,,,,,,,,,,,,,51047,
[2008],OCEANIC PLATEAU,MANIHIKI PLATEAU / HIGH PLATEAU / SITE 317 / PACIFIC OCEAN,HOLE 317A,-11.0015,-11.0015,-162.263,-162.263,SUBAQUATIC,-2622,-2622,"s 33-317A-31-3,27-29 [2008]",BASALT [2008],,,,,,,,,VOLCANIC ROCK,,,MODERATELY ALTERED,,WHOLE_ROCK [2008] ,224649.26100000003,5334.126,,78593.7735,,31193.239999999998,37310.4,,77973.77,53369.03999999999,2478.2656,,415.07500000000005,15282.2542,523.7052,,18000.,29900.000000000004,,0,,,350.00000000000006,,,,,,,110.,,,,,,,,,,,,,,,,,,,,,,,,,,,,,44.2,,190,437,,,50,110,,0,,,,,,,,20,0,,,,,,,,,,,,,0,,,0,,,,0.78,0,0.4,,,,,1.7,,1.2,0.3,,,,,,,,,,,0,0,,,,,,,,,,,,,,,,,,,,,,,,,51048,
[2008],OCEANIC PLATEAU,MANIHIKI PLATEAU / HIGH PLATEAU / SITE 317 / PACIFIC OCEAN,HOLE 317A,-11.0015,-11.0015,-162.263,-162.263,SUBAQUATIC,-2622,-2622,"s 33-317A-31-3,101-103 [2008]",BASALT [2008],,,,,,,,,VOLCANIC ROCK,,,MODERATELY ALTERED,,WHOLE_ROCK [2008] ,225911.33550000002,5094.389999999999,,77270.64600000001,,32102.46,37776.780000000006,,79188.76,53308.736,1858.6992,,166.03,15282.2542,567.3473,,15300.,25900.,,0,,,400.,,,,,,,130.,,,,,,,,,,,,,,,,,,,,,,,,,,,,,43.5,,170,442,,,50.4,94,,0,,,,,,,,16,0,,,,,,,,,,,,,0,,,0,,,,0.8,0,0.4,,,,,1.8,,1.3,0.3,,,,,,,,,,,0,0,,,,,,,,,,,,,,,,,,,,,,,,,51049,
[2008],OCEANIC PLATEAU,MANIHIKI PLATEAU / HIGH PLATEAU / SITE 317 / PACIFIC OCEAN,HOLE 317A,-11.0015,-11.0015,-162.263,-162.263,SUBAQUATIC,-2622,-2622,"s 33-317A-31-4,80-82 [2008]",BASALT [2008],,,,,,,,,VOLCANIC ROCK,,,MODERATELY ALTERED,,WHOLE_ROCK [2008] ,230398.7115,5633.795999999999,,80287.37670000001,,25807.86,44461.56,,79117.29000000001,49328.672,2091.0366,,747.135,15504.811299999998,523.7052,,18000.,26600.,,0,,,350.00000000000006,,,,,,,130.,,,,,,,,,,,,,,,,,,,,,,,,,,,,,44.7,,220,293,,,46.7,81,,0,,,,,,,,25,0,,,,,,,,,,,,,0,,,0,,,,0.8,0,0.5,,,,,2.1,,1.3,0.3,,,,,,,,,,,0,0,,,,,,,,,,,,,,,,,,,,,,,,,51050,
[2008],OCEANIC PLATEAU,MANIHIKI PLATEAU / HIGH PLATEAU / SITE 317 / PACIFIC OCEAN,HOLE 317A,-11.0015,-11.0015,-162.263,-162.263,SUBAQUATIC,-2622,-2622,"s 33-317A-32-1,84-86 [2008]",BASALT [2008],,,,,,,,,VOLCANIC ROCK,,,MODERATELY ALTERED,,WHOLE_ROCK [2008] ,228108.28,5513.928,,79123.0245,,31333.120000000003,44461.56,,79188.76,46072.255999999994,1781.2534,,166.03,14614.5829,523.7052,,15400.,22599.999999999996,,0,,,200.,,,,,,,100.,,,,,,,,,,,,,,,,,,,,,,,,,,,,,44.5,,215,225,,,48,73,,0,,,,,,,,24,0,,,,,,,,,,,,,0,,,0,,,,0.87,0,0.4,,,,,2.3,,1.3,0.3,,,,,,,,,,,0,0,,,,,,,,,,,,,,,,,,,,,,,,,51051,
[2008],OCEANIC PLATEAU,MANIHIKI PLATEAU / HIGH PLATEAU / SITE 317 / PACIFIC OCEAN,HOLE 317A,-11.0015,-11.0015,-162.263,-162.263,SUBAQUATIC,-2622,-2622,"s 33-317A-32-2,75-77 [2008]",BASALT [2008],,,,,,,,,VOLCANIC ROCK,,,MODERATELY ALTERED,,WHOLE_ROCK [2008] ,235447.00950000001,6053.334,,80128.6014,,27346.54,52467.75,,77687.89,43841.007999999994,1858.6992,,996.18,15578.997,610.9894,,15500.,18900.,,500.,,,200.,,,,,,,90.,,,,,,,,,,,,,,,,,,,,,,,,,,,,,43.5,,225,155,,,46,66,,0,,,,,,,,27,0,,,,,,,,,,,,,0,,,7.5,,,,0.88,0,0.4,,,,,2.5,,1.3,0.2,,,,,,,,,,,0,0,,,,,,,,,,,,,,,,,,,,,,,,,51052,
[2008],OCEANIC PLATEAU,MANIHIKI PLATEAU / HIGH PLATEAU / SITE 317 / PACIFIC OCEAN,HOLE 317A,-11.0015,-11.0015,-162.263,-162.263,SUBAQUATIC,-2622,-2622,"s 33-317A-32-3,100-111.5M121851 [2008]",BASALT [2008],,,,,,,,,VOLCANIC ROCK,,,MODERATELY ALTERED,,WHOLE_ROCK [2008] ,232922.8605,5933.465999999999,,78170.3727,,31542.94,51612.719999999994,,79903.45999999999,41428.848,1394.0244,,747.135,14688.7686,436.42100000000005,,11299.999999999998,16400.,,0,,,250.,,,,,,,90.,,,,,,,,,,,,,,,,,,,,,,,,,,,,,43,,235,130,,,47,62,,0,,,,,,,,34,0,,,,,,,,,,,,,0,,,0,,,,0.91,0,0.5,,,,,2.5,,1.6,0.3,,,,,,,,,,,0,0.1,,,,,,,,,,,,,,,,,,,,,,,,,51053,
[2008],OCEANIC PLATEAU,MANIHIKI PLATEAU / HIGH PLATEAU / SITE 317 / PACIFIC OCEAN,HOLE 317A,-11.0015,-11.0015,-162.263,-162.263,SUBAQUATIC,-2622,-2622,"s 33-317A-32-3,100-111.5D103735 [2008]",BASALT [2008],,,,,,,,,VOLCANIC ROCK,,,MODERATELY ALTERED,,WHOLE_ROCK [2008] ,232689.143,5873.531999999999,,79387.65000000001,0,29164.98,54411,,79117.29000000001,41790.672,1394.0244,78.58,996.18,15208.068499999998,349.1368,,7200.,19100.,,500.,,,,,,,,0,,0,,,,,,,,,,,,,,,,,,,,,,,,,,,,,,,,,,,,,,,,,,,,,,,,,,,,,,,,,,,,,,,,,,,,,,,,,,,,,,,,,,,,,,,,,,,,,,,,,,,,,,,,,,,,,,,,,,51054,
[2008],OCEANIC PLATEAU,MANIHIKI PLATEAU / HIGH PLATEAU / SITE 317 / PACIFIC OCEAN,HOLE 317A,-11.0015,-11.0015,-162.263,-162.263,SUBAQUATIC,-2622,-2622,"s 33-317A-32-3,106-108 [2008]",BASALT [2008],,,,,,,,,VOLCANIC ROCK,,,MODERATELY ALTERED,,WHOLE_ROCK [2008] ,233250.065,6053.334,,76741.395,,31263.179999999997,53633.700000000004,,77116.12999999999,42454.015999999996,1316.5786,,913.165,15801.5541,567.3473,,14800.,15600.,,0,,,300.,,,,,,,90.,,,,,,,,,,,,,,,,,,,,,,,,,,,,,44.2,,230,125,,,48.3,65,,0,,,,,,,,21,0,,,,,,,,,,,,,0,,,8.4,,,,0.89,0,0.6,,,,,2.5,,1.6,0.2,,,,,,,,,,,0,0,,,,,,,,,,,,,,,,,,,,,,,,,51055,
[2008],OCEANIC PLATEAU,MANIHIKI PLATEAU / HIGH PLATEAU / SITE 317 / PACIFIC OCEAN,HOLE 317A,-11.0015,-11.0015,-162.263,-162.263,SUBAQUATIC,-2622,-2622,"s 33-317A-32-4,76-78 [2008]",BASALT [2008],,,,,,,,,VOLCANIC ROCK,,,MODERATELY ALTERED,,WHOLE_ROCK [2008] ,231754.27300000002,6053.334,,77429.4213,,26227.5,54955.11,,77759.36,44202.831999999995,1858.6992,,498.09,16469.2254,523.7052,,15200.,18700.,,0,,,400.,,,,,,,90.,,,,,,,,,,,,,,,,,,,,,,,,,,,,,43.9,,235,134,,,48.2,62,,0,,,,,,,,25,0,,,,,,,,,,,,,0,,,9.5,,,,0.89,0,0.5,,,,,2.3,,1.5,0.2,,,,,,,,,,,0,0.1,,,,,,,,,,,,,,,,,,,,,,,,,51056,
[2008],OCEANIC PLATEAU,MANIHIKI PLATEAU / HIGH PLATEAU / SITE 317 / PACIFIC OCEAN,HOLE 317A,-11.0015,-11.0015,-162.263,-162.263,SUBAQUATIC,-2622,-2622,"s 33-317A-32-4,126-128 [2008]",BASALT [2008],,,,,,,,,VOLCANIC ROCK,,,MODERATELY ALTERED,,WHOLE_ROCK [2008] ,225397.157,4854.654,,73248.33840000001,,28815.280000000002,45549.780000000006,,84834.89,54454.511999999995,1471.4702,,332.06,13575.9831,480.0631,,17700.,23200.,,700.0000000000001,,,150.,,,,,,,130.,,,,,,,,,,,,,,,,,,,,,,,,,,,,,46.5,,200,486,,,41.1,110,,0,,,,,,,,25,0,,,,,,,,,,,,,0,,,6.9,,,,0.88,0,0.4,,,,,2,,1.2,0.3,,,,,,,,,,,0,0.1,,,,,,,,,,,,,,,,,,,,,,,,,51057,
[2008],OCEANIC PLATEAU,MANIHIKI PLATEAU / HIGH PLATEAU / SITE 317 / PACIFIC OCEAN,HOLE 317A,-11.0015,-11.0015,-162.263,-162.263,SUBAQUATIC,-2622,-2622,"s 33-317A-32-5,95-97 [2008]",BASALT [2008],,,,,,,,,VOLCANIC ROCK,,,MODERATELY ALTERED,,WHOLE_ROCK [2008] ,226565.7445,4854.654,,70019.9073,,5944.9,64593.630000000005,,84691.95,58253.664,1936.145,,332.06,12834.1261,523.7052,,20900.,24900.000000000004,,0,,,150.,,,,,,,130.,,,,,,,,,,,,,,,,,,,,,,,,,,,,,48.4,,200,683,,,49.8,120,,0,,,,,,,,21,0,,,,,,,,,,,,,0,,,7.2,,,,0.73,0,0.4,,,,,2.1,,0.9,0.4,,,,,,,,,,,0,0,,,,,,,,,,,,,,,,,,,,,,,,,51058,
[2008],OCEANIC PLATEAU,MANIHIKI PLATEAU / HIGH PLATEAU / SITE 317 / PACIFIC OCEAN,HOLE 317A,-11.0015,-11.0015,-162.263,-162.263,SUBAQUATIC,-2622,-2622,"s 33-317A-32-6,113-115 [2008]",BASALT [2008],,,,,,,,,VOLCANIC ROCK,,,MODERATELY ALTERED,,WHOLE_ROCK [2008] ,225771.105,4794.72,,68167.5288,,29374.800000000003,45782.969999999994,,83691.37000000001,58072.752,1936.145,,166.03,12537.3833,523.7052,,19700.,25299.999999999996,,500.,,,150.,,,,,,,140.,,,,,,,,,,,,,,,,,,,,,,,,,,,,,46.1,,210,639,,,49.9,96,,0,,,,,,,,24,0,,,,,,,,,,,,,0,,,0,,,,0.7,0,0.4,,,,,2,,0.9,0.3,,,,,,,,,,,0,0,,,,,,,,,,,,,,,,,,,,,,,,,51059,
[2008],OCEANIC PLATEAU,MANIHIKI PLATEAU / HIGH PLATEAU / SITE 317 / PACIFIC OCEAN,HOLE 317A,-11.0015,-11.0015,-162.263,-162.263,SUBAQUATIC,-2622,-2622,"s 33-317A-33-1,138-140 [2008]",BASALT [2008],,,,,,,,,VOLCANIC ROCK,,,MODERATELY ALTERED,,WHOLE_ROCK [2008] ,230258.481,4914.588,,69755.2818,,28535.52,48658.979999999996,,87050.45999999999,55178.159999999996,1084.2412000000002,,581.105,13501.7974,523.7052,,14500.,16800.,,0,,,100.,,,,,,,60.,,,,,,,,,,,,,,,,,,,,,,,,,,,,,47.2,,240,637,,,50.2,75,,0,,,,,,,,25,0,,,,,,,,,,,,,0,,,0,,,,0.74,0,0.5,,,,,2.1,,1.1,0.2,,,,,,,,,,,0,0,,,,,,,,,,,,,,,,,,,,,,,,,51060,
[2008],OCEANIC PLATEAU,MANIHIKI PLATEAU / HIGH PLATEAU / SITE 317 / PACIFIC OCEAN,HOLE 317A,-11.0015,-11.0015,-162.263,-162.263,SUBAQUATIC,-2622,-2622,"s 33-317A-33-2,82-84 [2008]",BASALT [2008],,,,,,,,,VOLCANIC ROCK,,,MODERATELY ALTERED,,WHOLE_ROCK [2008] ,228295.25400000004,5274.192,,73671.7392,,25667.98,51612.719999999994,,85549.59000000001,51620.224,1316.5786,,332.06,13798.5402,480.0631,,15200.,15400.,,0,,,50.,,,,,,,80.,,,,,,,,,,,,,,,,,,,,,,,,,,,,,44.2,,160,441,,,48.1,75,,0,,,,,,,,20,0,,,,,,,,,,,,,0,,,0,,,,0.75,0,0.4,,,,,2,,1.3,0.3,,,,,,,,,,,0,0.1,,,,,,,,,,,,,,,,,,,,,,,,,51061,
[2008],OCEANIC PLATEAU,MANIHIKI PLATEAU / HIGH PLATEAU / SITE 317 / PACIFIC OCEAN,HOLE 317A,-11.0015,-11.0015,-162.263,-162.263,SUBAQUATIC,-2622,-2622,"s 33-317A-33-3,94-96 [2008]",BASALT [2008],,,,,,,,,VOLCANIC ROCK,,,MODERATELY ALTERED,,WHOLE_ROCK [2008] ,223807.87800000003,5334.126,,77376.4962,,32592.04,41585.549999999996,,77544.95,50715.664,1006.7954,,996.18,15801.5541,523.7052,,20200.,29100.,,0,,,250.,,,,,,,80.,,,,,,,,,,,,,,,,,,,,,,,,,,,,,44.3,,170,377,,,50.5,67,,0,,,,,,,,19,0,,,,,,,,,,,,,0,,,6,,,,0.79,0,0.4,,,,,2,,1.1,0.3,,,,,,,,,,,0,0.1,,,,,,,,,,,,,,,,,,,,,,,,,51062,
[2008],OCEANIC PLATEAU,MANIHIKI PLATEAU / HIGH PLATEAU / SITE 317 / PACIFIC OCEAN,HOLE 317A,-11.0015,-11.0015,-162.263,-162.263,SUBAQUATIC,-2622,-2622,"s 33-317A-33-4,103-105 [2008]",BASALT [2008],,,,,,,,,VOLCANIC ROCK,,,MODERATELY ALTERED,,WHOLE_ROCK [2008] ,230819.40300000002,6472.872,,78117.4476,,28605.46,42440.58,,75472.32,49087.456,2013.5908,,2075.375,17062.711,741.9157,,14700.,27700.,,0,,,450.,,,,,,,140.,,,,,,,,,,,,,,,,,,,,,,,,,,,,,43.3,,180,408,,,44.5,75,,0,,,,,,,,27,0,,,,,,,,,,,,,0,,,11.8,,,,0.95,0,0.5,,,,,2.3,,1.6,0.3,,,,,,,,,,,0,0.1,,,,,,,,,,,,,,,,,,,,,,,,,51063,
[2008],OCEANIC PLATEAU,MANIHIKI PLATEAU / HIGH PLATEAU / SITE 317 / PACIFIC OCEAN,HOLE 317A,-11.0015,-11.0015,-162.263,-162.263,SUBAQUATIC,-2622,-2622,"s 33-317A-34-1,40-41 [2008]",BASALT [2008],,,,,,,,,VOLCANIC ROCK,,,MODERATELY ALTERED,,WHOLE_ROCK [2008] ,230071.507,6053.334,,77217.7209,,23499.84,48892.17,,80189.34000000001,47821.07199999999,2013.5908,,498.09,16246.6683,698.2736,,12600.,21900.,,700.0000000000001,,,400.,,,,,,,110.,,,,,,,,,,,,,,,,,,,,,,,,,,,,,42.1,,180,420,,,44.2,88,,0,,,,,,,,30,0,,,,,,,,,,,,,0,,,10.2,,,,0.87,0,0.5,,,,,2.2,,1.7,0.3,,,,,,,,,,,0,0.1,,,,,,,,,,,,,,,,,,,,,,,,,51064,
[2008],OCEANIC PLATEAU,MANIHIKI PLATEAU / HIGH PLATEAU / SITE 317 / PACIFIC OCEAN,HOLE 317A,-11.0015,-11.0015,-162.263,-162.263,SUBAQUATIC,-2622,-2622,"s 33-317A-34-2,91-93 [2008]",BASALT [2008],,,,,,,,,VOLCANIC ROCK,,,MODERATELY ALTERED,,WHOLE_ROCK [2008] ,233951.2175,6412.938,,77852.8221,,26647.14,42906.96,,79117.29000000001,45107.392,1781.2534,,1992.36,16691.7825,698.2736,,10500.,18000.,,0,,,950.,,,,,,,90.,,,,,,,,,,,,,,,,,,,,,,,,,,,,,43.5,,190,425,,,41.8,83,,0,,,,,,,,26,0,,,,,,,,,,,,,0,,,11.9,,,,0.97,0,0.5,,,,,2.2,,1.7,0.3,,,,,,,,,,,0,0,,,,,,,,,,,,,,,,,,,,,,,,,51065,
[2008],OCEANIC PLATEAU,MANIHIKI PLATEAU / HIGH PLATEAU / SITE 317 / PACIFIC OCEAN,HOLE 317A,-11.0015,-11.0015,-162.263,-162.263,SUBAQUATIC,-2622,-2622,"s 33-317A-34-3,118-120 [2008]",BASALT [2008],,,,,,,,,VOLCANIC ROCK,,,MODERATELY ALTERED,,WHOLE_ROCK [2008] ,235680.727,6892.409999999999,,75100.7169,,34410.479999999996,46016.159999999996,,76472.9,44986.784,1084.2412000000002,,1245.225,17582.0109,698.2736,,13000.,16700.,,0,,,1100.,,,,,,,100.,,,,,,,,,,,,,,,,,,,,,,,,,,,,,45.3,,125,357,,,45.9,91,,0,,,,,,,,14,0,,,,,,,,,,,,,0,,,0,,,,1.03,0,0.6,,,,,2.6,,1.7,0.3,,,,,,,,,,,0,0,,,,,,,,,,,,,,,,,,,,,,,,,51066,
[2008],OCEANIC PLATEAU,MANIHIKI PLATEAU / HIGH PLATEAU / SITE 317 / PACIFIC OCEAN,HOLE 317A,-11.0015,-11.0015,-162.263,-162.263,SUBAQUATIC,-2622,-2622,"s 33-317A-34-4,65-67 [2008]",BASALT [2008],,,,,,,,,VOLCANIC ROCK,,,MODERATELY ALTERED,,WHOLE_ROCK [2008] ,233343.55200000003,6353.004,,79758.1257,,26297.44,48892.17,,81976.09000000001,43961.615999999995,1394.0244,,830.1500000000001,16246.6683,567.3473,,8800.,18100.,,0,,,650.,,,,,,,90.,,,,,,,,,,,,,,,,,,,,,,,,,,,,,42.4,,200,346,,,44,87,,0,,,,,,,,30,0,,,,,,,,,,,,,0,,,11.2,,,,0.91,0,0.5,,,,,2.1,,1.6,0.3,,,,,,,,,,,0,0,,,,,,,,,,,,,,,,,,,,,,,,,51067,
[2449],OCEANIC PLATEAU,MANIHIKI PLATEAU / HIGH PLATEAU / SITE 317 / PACIFIC OCEAN,HOLE 317A,-11.0015,-11.0015,-162.263,-162.263,SUBAQUATIC,-2622,-2622,"s 33-317A-32-1,81-83 [2449]",THOLEIITE [2449],,,,,,,,HIGHLY VESICULAR [2449] ,VOLCANIC ROCK,,,SLIGHTLY ALTERED,,WHOLE_ROCK [2449] ,,,,,,,,,,,,,558.69095,,,,,,,,,,,,,,,,,,,,,,,,,,,,,,,,,,,,,,,,,,,,,,,,,,,,,,,,,,,,,,,,,,,,,,,,,,,,,,,,,,,,,,,,,,,,,,,,,,,,,,,,,,,,,,,,,,,,,,,,,,,,,,,,,,,51073,
[2449],OCEANIC PLATEAU,MANIHIKI PLATEAU / HIGH PLATEAU / SITE 317 / PACIFIC OCEAN,HOLE 317A,-11.0015,-11.0015,-162.263,-162.263,SUBAQUATIC,-2622,-2622,"s 33-317A-32-3,85-86 [2449]",THOLEIITE [2449],,,,,,,,HIGHLY VESICULAR [2449] ,VOLCANIC ROCK,,,SLIGHTLY ALTERED,,WHOLE_ROCK [2449] ,,,,,,,,,,,,,987.8784999999999,,,,,,,,,,,,,,,,,,,,,,,,,,,,,,,,,,,,,,,,,,,,,,,,,,,,,,,,,,,,,,,,,,,,,,,,,,,,,,,,,,,,,,,,,,,,,,,,,,,,,,,,,,,,,,,,,,,,,,,,,,,,,,,,,,,51074,
[2449],OCEANIC PLATEAU,MANIHIKI PLATEAU / HIGH PLATEAU / SITE 317 / PACIFIC OCEAN,HOLE 317A,-11.0015,-11.0015,-162.263,-162.263,SUBAQUATIC,-2622,-2622,"s 33-317A-32-6,115-117 [2449]",THOLEIITE [2449],,,,,,,,HIGHLY VESICULAR [2449] ,VOLCANIC ROCK,,,SLIGHTLY ALTERED,,WHOLE_ROCK [2449] ,,,,,,,,,,,,,531.296,,,,,,,,,,,,,,,,,,,,,,,,,,,,,,,,,,,,,,,,,,,,,,,,,,,,,,,,,,,,,,,,,,,,,,,,,,,,,,,,,,,,,,,,,,,,,,,,,,,,,,,,,,,,,,,,,,,,,,,,,,,,,,,,,,,51079,
[2449],OCEANIC PLATEAU,MANIHIKI PLATEAU / HIGH PLATEAU / SITE 317 / PACIFIC OCEAN,HOLE 317A,-11.0015,-11.0015,-162.263,-162.263,SUBAQUATIC,-2622,-2622,"s 33-317A-33-3,102-104 [2449]",THOLEIITE [2449],,,,,,,,HIGHLY VESICULAR [2449] ,VOLCANIC ROCK,,,SLIGHTLY ALTERED,,WHOLE_ROCK [2449] ,,,,,,,,,,,,,1195.416,,,,,,,,,,,,,,,,,,,,,,,,,,,,,,,,,,,,,,,,,,,,,,,,,,,,,,,,,,,,,,,,,,,,,,,,,,,,,,,,,,,,,,,,,,,,,,,,,,,,,,,,,,,,,,,,,,,,,,,,,,,,,,,,,,,51080,
[2003],OCEANIC PLATEAU,MANIHIKI PLATEAU / DANGER ISLAND TROUGHS / DREDGE 78D / PACIFIC OCEAN,,-8.6812,-8.6812,-163.7117,-163.7117,SUBAQUATIC,-4085,-4085,s ST11-78-15 [2003],THOLEIITE [2003],,,,,,,,NO VESICLES [2003] ,VOLCANIC ROCK,,,FRESH,,WHOLE_ROCK [2003] ,232642.39950000003,2756.964,,61393.116,,,,75398.09999999999,70540.89,86837.76,1084.2412000000002,,996.18,13427.6117,130.9263,,,,,,,,,,,,,,,,,,,,,,,,,,,,,,,,,,,,,,,131,,,,,70,2818,275,2500,,,120,550,81,93,,,,,,0,50,28,,90,,,,,,,,,,,,,14,,,,,,,,,,,,,,,,,,,,,,,,,0,,,,,,,,,,,,,,,,,,,,,,,,,,,,51081,
[2003],OCEANIC PLATEAU,MANIHIKI PLATEAU / DANGER ISLAND TROUGHS / DREDGE 78D / PACIFIC OCEAN,,-8.6812,-8.6812,-163.7117,-163.7117,SUBAQUATIC,-4085,-4085,s ST11-78-14 [2003],THOLEIITE [2003],,,,,,,,NO VESICLES [2003] ,VOLCANIC ROCK,,,FRESH,,WHOLE_ROCK [2003] ,229931.2765,2816.8979999999997,,62980.869000000006,,,,69957,71112.65,80204.31999999999,1084.2412000000002,,1909.345,13056.6832,43.6421,,,,,,,,,,,,,,,,,,,,,,,,,,,,,,,,,,,,,,,44,,,,,100,2938,240,2000,,,115,440,89,94,,,,,,0,30,32,,120,,,,,,,,,,,,,16,,,,,,,,,,,,,,,,,,,,,,,,,0,,,,,,,,,,,,,,,,,,,,,,,,,,,,51082,
[2003],OCEANIC PLATEAU,MANIHIKI PLATEAU / DANGER ISLAND TROUGHS / DREDGE 78D / PACIFIC OCEAN,,-8.6812,-8.6812,-163.7117,-163.7117,SUBAQUATIC,-4085,-4085,s ST11-78-16 [2003],THOLEIITE [2003],,,,,,,,NO VESICLES [2003] ,VOLCANIC ROCK,,,FRESH,,WHOLE_ROCK [2003] ,243206.43050000002,4255.313999999999,,73036.638,,,,74154.42,80046.4,52162.96,1084.2412000000002,,1909.345,14688.7686,130.9263,,,,,,,,,,,,,,,,,,,,,,,,,,,,,,,,,,,,,,,131,,,,,60,4316,315,1100,,,70,200,99,122,,,,,,2,40,26,,,,,,,,,,,,,,,32,,,,,,,,,,,,,,,,,,,,,,,,,3,,,,,,,,,,,,,,,,,,,,,,,,,,,,51083,
[2003],OCEANIC PLATEAU,MANIHIKI PLATEAU / DANGER ISLAND TROUGHS / DREDGE 78D / PACIFIC OCEAN,,-8.6812,-8.6812,-163.7117,-163.7117,SUBAQUATIC,-4085,-4085,s ST11-78-14 [2003],THOLEIITE [2003],,,,,,,,NO VESICLES [2003] ,VOLCANIC ROCK,,,FRESH,,VOLCANIC GLASS [2003] ,250545.16000000003,3596.0399999999995,,77799.897,,,75398.09999999999,,81475.8,47640.159999999996,,,1660.3000000000002,13353.426,,,,,,,,,,,,,,,,,,,,,,,,,,,,,,,,,,,,,,,,,,,,,,,,,,,,,,,,,,,,,,,,,,,,,,,,,,,,,,,,,,,,,,,,,,,,,,,,,,,,,,,,,,,,,,,,,,,,,,,,,,,,,,,,,,51084,
[2003],OCEANIC PLATEAU,MANIHIKI PLATEAU / DANGER ISLAND TROUGHS / DREDGE 78D / PACIFIC OCEAN,,-8.6812,-8.6812,-163.7117,-163.7117,SUBAQUATIC,-4085,-4085,s ST11-78-15 [2003],THOLEIITE [2003],,,,,,,,NO VESICLES [2003] ,VOLCANIC ROCK,,,FRESH,,VOLCANIC GLASS [2003] ,250077.725,4195.379999999999,,76741.395,,,76175.40000000001,,81475.8,45228.,,,1660.3000000000002,14837.14,,,,,,,,,,,,,,,,,,,,,,,,,,,,,,,,,,,,,,,,,,,,,,,,,,,,,,,,,,,,,,,,,,,,,,,,,,,,,,,,,,,,,,,,,,,,,,,,,,,,,,,,,,,,,,,,,,,,,,,,,,,,,,,,,,51085,
[2003],OCEANIC PLATEAU,MANIHIKI PLATEAU / DANGER ISLAND TROUGHS / DREDGE 78D / PACIFIC OCEAN,,-8.6812,-8.6812,-163.7117,-163.7117,SUBAQUATIC,-4085,-4085,s ST11-78-16 [2003],THOLEIITE [2003],,,,,,,,NO VESICLES [2003] ,VOLCANIC ROCK,,,FRESH,,VOLCANIC GLASS [2003] ,251012.59500000003,4794.72,,79916.901,,,78507.3,,80761.1,40403.68,,,1660.3000000000002,14837.14,,,,,,,,,,,,,,,,,,,,,,,,,,,,,,,,,,,,,,,,,,,,,,,,,,,,,,,,,,,,,,,,,,,,,,,,,,,,,,,,,,,,,,,,,,,,,,,,,,,,,,,,,,,,,,,,,,,,,,,,,,,,,,,,,,51086,
[15229],OCEANIC PLATEAU,MANIHIKI PLATEAU / SUVOROV TROUGH / DREDGE 18 / PACIFIC OCEAN,,-10.6547,-10.6547,-163.878,-163.878,SUBAQUATIC,,,s SO193DR18-1 [15229],"BASALT, THOLEIITIC [15229]",124600000 [15229],,LOWER [15229],CRETACEOUS [15229],,,,,VOLCANIC ROCK,,,,,WHOLE_ROCK [15229] ,229744.30250000002,1078.812,,72083.9862,,,,71667.06000000001,73471.15999999999,70254.16,1161.687,,3320.6000000000004,12314.8262,130.9263,23900.,,,,300.,,,,,,,,,,,,,,,,,,,,,,,,,112,,,,,,,,,,,,,,44.4,,,,,,50.2,374,74.5,81.5,10.5,,,,,8.33,22.2,11.9,5.77,2.42,,,,,,,,,,,,0.649,11.8,3.82,2.91,0.66,2.97,0.732,0.245,1.03,0.218,1.6,0.411,1.33,0.205,1.4,0.231,0.169,1.29,,,,,,,,,0.061,,0.205,0.082,0.512931,,,0.705574,,,,,,,,,,,,,,,,,,,,,519441,
[15229],OCEANIC PLATEAU,MANIHIKI PLATEAU / SUVOROV TROUGH / DREDGE 18 / PACIFIC OCEAN,,-10.6547,-10.6547,-163.878,-163.878,SUBAQUATIC,,,s SO193DR18-4B [15229],"BASALT, THOLEIITIC [15229]",125000000 [15229],,LOWER [15229],CRETACEOUS [15229],,,,,VOLCANIC ROCK,,,,,WHOLE_ROCK [15229] ,228528.9715,1378.482,,70072.8324,,,,70501.11,81118.45,80747.056,1316.5786,,1079.195,10682.7408,130.9263,11500.,,,,300.,,,,,,,,,,,,,,,,,,,,,,,,,37.3,,,,,,,,,,,,,,40.1,,176,1462,,,59.2,401,64.3,73.8,9.64,,,,,3.15,32.8,10.3,9.11,2.79,,,,,,,,,,,,0.229,18.17,1.4,2.69,0.33,1.48,0.509,0.222,0.929,0.203,1.68,0.33,1.08,0.203,1.49,0.227,0.27,0.597,,,,,,,,,0.139,,0.21,0.054,0.512954,,,0.7041,,20,,15.632,,39.719,,,,,,,,,,,,,,,519442,
[15229],OCEANIC PLATEAU,MANIHIKI PLATEAU / DANGER ISLAND TROUGHS / DREDGE 26 / PACIFIC OCEAN,,-9.3792,-9.3792,-164.2603,-164.2603,SUBAQUATIC,,,s SO193DR26-1 [15229],"BASALT, THOLEIITIC [15229]",125000000 [15229],,LOWER [15229],CRETACEOUS [15229],,,,,VOLCANIC ROCK,,,,,WHOLE_ROCK [15229] ,233904.47400000002,2697.0299999999997,,79123.0245,,,,68169.20999999999,83262.55,56143.024,1006.7954,,7637.38,12166.4548,305.4947,16200.000000000002,,,,300.,,,,,,,,,,,,,,,,,,,,,,,,,58.7,,,,,,,,,,,,,,51.2,,,,,,43.9,246,74.7,65.5,12.1,,,,,11.3,73.8,12.3,24.7,11.4,,,,,,,,,,,,0.446,27.7,5.07,9.8,1.24,5.25,1.27,0.454,1.73,0.271,2,0.46,1.33,0.224,1.39,0.213,0.653,1.22,,,,,,,,,0.282,,0.916,0.354,0.512895,,,0.703348,,,,,,,,,,,,,,,,,,,,,519443,
[15229],OCEANIC PLATEAU,MANIHIKI PLATEAU / DANGER ISLAND TROUGHS / DREDGE 26 / PACIFIC OCEAN,,-9.3792,-9.3792,-164.2603,-164.2603,SUBAQUATIC,,,s SO193DR26-1 [15229],"BASALT, THOLEIITIC [15229]",125000000 [15229],,LOWER [15229],CRETACEOUS [15229],,,,,VOLCANIC ROCK,,,,,VOLCANIC GLASS [15229] ,241570.40800000002,2517.2279999999996,,79017.1743,,,,69568.34999999999,88908.68,57409.407999999996,1161.687,,1328.24,11647.1549,174.5684,2500.,,,,40.,,170.,190.,,,,,,,530.,,,,,,,,,,,,,,,9.74,,,,,,,,,,,,,,46.7,,202,513,,,45.3,154,98.3,68.1,11.3,,,,,8.58,81.6,12.5,22.4,10.8,0.29,,,,,,,0.24,0.03,,,0.211,74.2,6.06,11.7,1.31,5.34,1.21,0.438,1.54,0.285,1.98,0.45,1.33,0.214,1.47,0.227,0.605,0.602,,,,,,,,0.018,,,0.86,0.192,0.512897,,,,,20.311,,15.659,,39.92,,,,,,,,,,,,,,,519444,
[15229],OCEANIC PLATEAU,MANIHIKI PLATEAU / DANGER ISLAND TROUGHS / DREDGE 26 / PACIFIC OCEAN,,-9.3792,-9.3792,-164.2603,-164.2603,SUBAQUATIC,,,s SO193DR26-2 [15229],"BASALT, THOLEIITIC [15229]",125000000 [15229],,LOWER [15229],CRETACEOUS [15229],,,,,VOLCANIC ROCK,,,,,WHOLE_ROCK [15229] ,228856.17600000004,2457.294,,73777.5894,,,,72599.81999999999,80618.15999999999,67238.95999999999,1239.1328,,3154.57,12240.6405,305.4947,21300.,,,,1000.,,,,,,,,,,,,,,,,,,,,,,,,,43.1,,,,,,,,,,,,,,41.9,,209,804,,,49.2,270,71.7,78.3,10.6,,,,,6.87,75.6,12,22.9,10.4,,,,,,,,,,,,0.468,34.4,5.85,11.1,1.31,5.26,1.25,0.44,1.61,0.285,2.07,0.468,1.46,0.222,1.54,0.245,0.598,0.747,,,,,,,,,0.374,,0.884,0.143,0.512899,,,0.703331,,20.223,,15.677,,40.111,,,,,,,,,,,,,,,519445,
[15229],OCEANIC PLATEAU,MANIHIKI PLATEAU / DANGER ISLAND TROUGHS / DREDGE 26 / PACIFIC OCEAN,,-9.3792,-9.3792,-164.2603,-164.2603,SUBAQUATIC,,,s SO193DR26-3 [15229],"BASALT, THOLEIITIC [15229]",125000000 [15229],,LOWER [15229],CRETACEOUS [15229],,,,,VOLCANIC ROCK,,,,,VOLCANIC GLASS [15229] ,239420.20700000002,2577.162,,79017.1743,,,,69179.7,89408.97,56203.328,1161.687,,1411.255,11498.7835,392.77889999999996,2600.,,,,40.,,110.,200.,,,,,,,530.,,,,,,,,,,,,,,,18.4,,,,,,,,,,,,,,46.4,,197,512,,,49.4,189,96.6,71.1,11.1,,,,,8.18,82.7,12.4,21.9,10.6,0.267,,,,,,,0.234,0.03,,,0.226,71.2,6.04,11.4,1.31,5.25,1.2,0.432,1.52,0.283,1.97,0.45,1.33,0.213,1.46,0.227,0.595,0.593,,,,,,,,0.019,,,0.839,0.187,0.512895,,,0.703277,,20.31,,15.679,,39.921,,,,,,,,,,,,,,,519446,
[15229],OCEANIC PLATEAU,MANIHIKI PLATEAU / DANGER ISLAND TROUGHS / DREDGE 26 / PACIFIC OCEAN,,-9.3792,-9.3792,-164.2603,-164.2603,SUBAQUATIC,,,s SO193DR26-10 [15229],"BASALT, THOLEIITIC [15229]",125000000 [15229],,LOWER [15229],CRETACEOUS [15229],,,,,VOLCANIC ROCK,,,,,VOLCANIC GLASS [15229] ,241476.921,2517.2279999999996,,79281.79980000001,,,,69179.7,89694.85,55660.592,1394.0244,,1411.255,11647.1549,349.1368,2500.,,,,30.,,200.,190.,,,,,,,540.,,,,,,,,,,,,,,,15.6,,,,,,,,,,,,,,46.2,,197,494,,,54.7,190,105,69.7,11.1,,,,,8.05,83.8,12.7,22.4,10.6,0.551,,,,,,,0.24,0.056,,,0.188,75.1,6.23,12.4,1.35,5.47,1.24,0.44,1.55,0.29,2.01,0.457,1.36,0.213,1.48,0.229,0.608,0.588,,,,,,,,0.21,,,0.846,0.197,0.512901,,,0.703274,,20.291,,15.675,,39.894,,,,,,,,,,,,,,,519447,
[15229],OCEANIC PLATEAU,MANIHIKI PLATEAU / DANGER ISLAND TROUGHS / DREDGE 26 / PACIFIC OCEAN,,-9.3792,-9.3792,-164.2603,-164.2603,SUBAQUATIC,,,s SO193DR26-13 [15229],"BASALT, THOLEIITIC [15229]",125000000 [15229],,LOWER [15229],CRETACEOUS [15229],,,,,VOLCANIC ROCK,,,,,WHOLE_ROCK [15229] ,225350.41350000002,2397.36,,71607.6603,,,,72288.90000000001,83405.49,68987.776,1239.1328,,2739.4950000000003,10979.4836,349.1368,20400.,,,,5600.000000000001,,,,,,,,,,,,,,,,,,,,,,,,,,,,,,,,,,,,,,,,,,,,,,,,,,,,,,,,,,,,,,,,,,,,,,,,,,,,,,,,,,,,,,,,,,,,,,,,,,,,,,,,,,,,,,,,,,,,,,,,,,,,519448,
[15229],OCEANIC PLATEAU,MANIHIKI PLATEAU / DANGER ISLAND TROUGHS / DREDGE 38 / PACIFIC OCEAN,DANGER ISLAND TROUGHS,-7.318,-7.318,-163.695,-163.695,SUBAQUATIC,,,s SO193DR38-2 [15229],NOT GIVEN [15229],125000000 [15229],,LOWER [15229],CRETACEOUS [15229],,,,,VOLCANIC ROCK,,,,,WHOLE_ROCK [15229] ,293362.206,5214.258,,63351.34470000001,,,,65759.58,1715.28,38956.384,309.7832,,2324.42,21884.7815,567.3473,44800.00000000001,,,,300.,,,,,,,,,,,,,,,,,,,,,,,,,83.2,,,,,,,,,,,,,,35.2,,,,,,33.6,130,55.2,119,13.4,,,,,5.61,7.44,11.6,52.2,2.37,,,,,,,,,,,,0.254,4.53,3.07,3.44,0.928,4.83,1.59,0.558,2,0.331,2.07,0.405,1.1,0.172,1.09,0.167,1.32,0.384,,,,,,,,,0.677,,0.206,0.143,0.512907,,,0.707422,,18.475,,15.517,,38.272,,,,,,,,,,,,,,,519449,
[15229],OCEANIC PLATEAU,MANIHIKI PLATEAU / NORTHERN PLATEAU / DREDGE 46 / PACIFIC OCEAN,SOUTH OF NORTHERN PLATEAU,-6.0312,-6.0312,-164.7212,-164.7212,SUBAQUATIC,,,s SO193DR46-1 [15229],"BASALT, THOLEIITIC [15229]",125000000 [15229],,LOWER [15229],CRETACEOUS [15229],,,,,VOLCANIC ROCK,,,,,WHOLE_ROCK [15229] ,233296.8085,6832.475999999999,,76794.3201,,,,74776.26,83119.61,51499.615999999995,1239.1328,,2656.48,17952.9394,480.0631,12900.,,,,200.,,,,,,,,,,,,,,,,,,,,,,,,,8.87,,,,,,,,,,,,,,43.6,,316,521,,,42.7,138,89,78.3,16.7,,,,,4.16,191,20.2,35.4,3.16,,,,,,,,,,,,0.166,105,3.18,8.28,1.37,7.38,2.56,1.01,3.35,0.575,3.88,0.792,2.27,0.319,2.1,0.317,1.14,0.51,,,,,,,,,0.497,,0.087,0.046,0.512735,,,0.704722,,18.802,,15.501,,38.224,,,,,,,,,,,,,,,519450,
[15229],OCEANIC PLATEAU,MANIHIKI PLATEAU / NORTHERN/WESTERN PLATEAU / DREDGE 47 / PACIFIC OCEAN,BETWEEN NORTHERN AND WESTERN PLATEAU,-6.7085,-6.7085,-164.1712,-164.1712,SUBAQUATIC,,,s SO193DR47-2 [15229],"BASALT, THOLEIITIC [15229]",125000000 [15229],,LOWER [15229],CRETACEOUS [15229],,,,,VOLCANIC ROCK,,,,,WHOLE_ROCK [15229] ,231894.50350000002,3116.5679999999998,,84838.93530000001,,,,88612.2,59034.22,37328.176,619.5664,,11705.115,17804.568,523.7052,34900.,,,,600.,,,,,,,,,,,,,,,,,,,,,,,,,39.3,,,,,,,,,,,,,,42.6,,169,1176,,,25.5,166,189,231,14.5,,,,,28.2,67.5,13.8,37.7,4.88,,,,,,,,,,,,1.07,47.5,3.52,5.31,0.847,3.92,1.25,0.508,1.85,0.356,2.5,0.54,1.65,0.237,1.58,0.229,0.666,0.444,,,,,,,,,0.777,,0.414,0.316,0.513015,,,0.704227,,19.848,,15.723,,39.36,,,,,,,,,,,,,,,519451,
[15229],OCEANIC PLATEAU,MANIHIKI PLATEAU / DANGER ISLAND TROUGHS / DREDGE 49 / PACIFIC OCEAN,NEAR NORTHERN MARGIN OF DANGER ISLAND TROUGHS,-6.9177,-6.9177,-163.7472,-163.7472,SUBAQUATIC,,,s SO193DR49-1 [15229],"BASALT, THOLEIITIC [15229]",125000000 [15229],,LOWER [15229],CRETACEOUS [15229],,,,,VOLCANIC ROCK,,,,,WHOLE_ROCK [15229] ,230585.68550000002,5873.531999999999,,80499.07710000001,,,,76719.51,51386.93,49931.71199999999,1161.687,,2407.435,32938.4508,436.42100000000005,37700.,,,,200.,,,,,,,,,,,,,,,,,,,,,,,,,40.9,,,,,,,,,,,,,,46.6,,286,305,,,42,115,93.5,121,16.4,,,,,3.82,194,19.1,59.4,3.08,,,,,,,,,,,,0.209,29,3.95,9.61,1.5,7.52,2.41,0.963,3.1,0.554,3.65,0.769,2.25,0.32,2.15,0.322,1.54,0.42,,,,,,,,,0.647,,0.356,0.481,0.512773,,,0.705585,,18.494,,15.504,,38.372,,,,,,,,,,,,,,,519452,
[15229],OCEANIC PLATEAU,MANIHIKI PLATEAU / DANGER ISLAND TROUGHS / DREDGE 52 / PACIFIC OCEAN,DANGER ISLAND TROUGHS AT NORTHERN MARGIN OF HIGH PLATEAU,-6.7732,-6.7732,-163.3953,-163.3953,SUBAQUATIC,,,s SO193DR52-1A [15229],"BASALT, THOLEIITIC [15229]",125000000 [15229],,LOWER [15229],CRETACEOUS [15229],,,,,VOLCANIC ROCK,,,,,WHOLE_ROCK [15229] ,239139.746,7851.354,,73724.6643,,,,90244.53,77759.36,41670.064,1781.2534,,1909.345,16469.2254,567.3473,6100.,,,,900.,,,,,,,,,,,,,,,,,,,,,,,,,15.5,,,,,,,,,,,,,,53.3,,,,,,54.2,94.9,184,105,20,,,,,2.3,125,28.9,87,4.04,,,,,,,,,,,,0.04,29.2,5.14,13.2,2.03,10.5,3.47,1.18,4.16,0.739,4.92,1.07,3.11,0.444,3.04,0.45,2.42,0.427,,,,,,,,,0.824,,0.462,0.124,0.512749,,,0.704723,,18.124,,15.508,,38.363,,,,,,,,,,,,,,,519453,
[15229],OCEANIC PLATEAU,MANIHIKI PLATEAU / DANGER ISLAND TROUGHS / DREDGE 52 / PACIFIC OCEAN,DANGER ISLAND TROUGHS AT NORTHERN MARGIN OF HIGH PLATEAU,-6.7732,-6.7732,-163.3953,-163.3953,SUBAQUATIC,,,s SO193DR52-1B [15229],"BASALT, THOLEIITIC [15229]",125000000 [15229],,LOWER [15229],CRETACEOUS [15229],,,,,VOLCANIC ROCK,,,,,WHOLE_ROCK [15229] ,234371.909,7851.354,,74095.14,,,,94908.33,78331.12000000001,41790.672,1626.3618,,1909.345,18249.6822,567.3473,7000.,,,,200.,,,,,,,,,,,,,,,,,,,,,,,,,,,,,,,,,,,,,,,,,,,,,,,,,,,,,,,,,,,,,,,,,,,,,,,,,,,,,,,,,,,,,,,,,,,,,,,,,,,,,,,,,,,,,,,,,,,,,,,,,,,,519454,
[15229],OCEANIC PLATEAU,MANIHIKI PLATEAU / DANGER ISLAND TROUGHS / DREDGE 52 / PACIFIC OCEAN,DANGER ISLAND TROUGHS AT NORTHERN MARGIN OF HIGH PLATEAU,-6.7732,-6.7732,-163.3953,-163.3953,SUBAQUATIC,,,s SO193DR52-2 [15229],"ANDESITE, BASALTIC [15229]",125000000 [15229],,LOWER [15229],CRETACEOUS [15229],,,,,VOLCANIC ROCK,,,,,VOLCANIC GLASS [15229] ,244234.7875,8031.156,,72824.9376,,,,96074.28,75257.90999999999,40705.2,1548.9160000000002,,1660.3000000000002,16469.2254,436.42100000000005,1840.,,,,60.,,130.,440.,,,,,,,500.,,,,,,,,,,,,,,,9.88,,,,,,,,,,,,,,50.7,,337,171,,,86.1,148,279,106,18.5,,,,,8.19,185,28.4,88,4.56,3.85,,,,,,,0.762,0.353,,,0.241,61.1,6.45,20.2,2.25,11.23,3.38,1.24,4.24,0.759,4.98,1.05,2.9,0.439,2.92,0.436,2.37,0.264,,,,,,,,2.09,,,0.599,0.182,0.512738,,,0.705885,,18.12,,15.509,,38.355,,,,,,,,,,,,,,,519455,
[15229],OCEANIC PLATEAU,MANIHIKI PLATEAU / DANGER ISLAND TROUGHS / DREDGE 52 / PACIFIC OCEAN,DANGER ISLAND TROUGHS AT NORTHERN MARGIN OF HIGH PLATEAU,-6.7732,-6.7732,-163.3953,-163.3953,SUBAQUATIC,,,s SO193DR52-3A [15229],"BASALT, THOLEIITIC [15229]",125000000 [15229],,LOWER [15229],CRETACEOUS [15229],,,,,VOLCANIC ROCK,,,,,WHOLE_ROCK [15229] ,227827.81900000002,8390.759999999998,,80075.6763,,,,91721.40000000001,71470,41067.024,1781.2534,,3071.555,20030.139,654.6315,14400.,,,,200.,,,,,,,,,,,,,,,,,,,,,,,,,55,,,,,,,,,,,,,,56.3,,,,,,46.2,83.8,251,212,21.5,,,,,7.88,130,29.2,90.7,4.15,,,,,,,,,,,,1.06,17.2,5.91,13.5,2.19,11.4,3.72,1.3,4.59,0.775,5.4,1.15,3.19,0.456,2.78,0.442,2.47,0.458,,,,,,,,,0.826,,0.484,0.256,0.512745,,,0.70465,,18.273,,15.524,,38.424,,,,,,,,,,,,,,,519456,
[15229],OCEANIC PLATEAU,MANIHIKI PLATEAU / DANGER ISLAND TROUGHS / DREDGE 52 / PACIFIC OCEAN,DANGER ISLAND TROUGHS AT NORTHERN MARGIN OF HIGH PLATEAU,-6.7732,-6.7732,-163.3953,-163.3953,SUBAQUATIC,,,s SO193DR52-3B [15229],"BASALT, THOLEIITIC [15229]",125000000 [15229],,LOWER [15229],CRETACEOUS [15229],,,,,VOLCANIC ROCK,,,,,WHOLE_ROCK [15229] ,232315.19500000004,8810.297999999999,,87273.4899,,,,77108.16,73185.28,37086.96,1084.2412000000002,,3652.66,21884.7815,741.9157,12900.,,,,200.,,,,,,,,,,,,,,,,,,,,,,,,,51,,,,,,,,,,,,,,59.5,,,,,,44.5,85.5,268,225,23.3,,,,,3.76,143,31.2,95.6,4.38,,,,,,,,,,,,0.259,34.4,7.56,14.5,2.45,12.3,3.76,1.37,4.77,0.833,5.32,1.19,3.34,0.469,3.08,0.447,2.63,0.488,,,,,,,,,1.03,,0.516,0.375,0.512741,,,0.704526,,18.27,,15.529,,38.424,,,,,,,,,,,,,,,519457,
[1665][1666],OCEANIC PLATEAU,MANIHIKI PLATEAU / HIGH PLATEAU / SITE 317 / PACIFIC OCEAN,HOLE 317A,-11.0015,-11.0015,-162.263,-162.263,SUBAQUATIC,-2622,-2622,"s 33-317A-31-4,116-118 [1665]",BASALT [1665],,,,,,,,,VOLCANIC ROCK,,,,,WHOLE_ROCK [1665] ,,,,,,,,,,,,,,,,,,,,,,,,,,,,,,,,,,,,,,,,,,,,,,,,,,,,,,,,,,,38,,,,,,,,,,,,,,,,,,,,,,,,,,,,,,,,,2.6,7.5,,6.3,1.9,0.8,3,,,,,,2.1,0.32,1.5,0.35,,,,,,,,,,,0.35,,,,,,,,,,,,,,,,,,,,,,,,,,"6860-317A-31-4, 116-118",
[1665][1666],OCEANIC PLATEAU,MANIHIKI PLATEAU / HIGH PLATEAU / SITE 317 / PACIFIC OCEAN,HOLE 317A,-11.0015,-11.0015,-162.263,-162.263,SUBAQUATIC,-2622,-2622,"s 33-317A-34-4,83-85 [1665]",BASALT [1665],,,,,,,,,VOLCANIC ROCK,,,,,WHOLE_ROCK [1665] ,,,,,,,,,,,,,,,,,,,,,,,,,,,,,,,,,,,,,,,,,,,,,,,,,,,,,,,,,,,45,,,,,,,,,,,,,,,,,,,,,,,,,,,,,,,,,4.4,10.8,,9.1,2.7,1.1,3.7,0.6,,,,,2.5,0.38,2.08,0.52,,,,,,,,,,,0.52,,,,,,,,,,,,,,,,,,,,,,,,,,"6860-317A-34-4, 83-85",