Citations,Tectonic Setting,Location,Location Comment,Latitude (Min),Latitude (Max),Longitude (Min),Longitude (Max),Land or Sea,Elevation (Min),Elevation (Max),Sample Name,Rock Name,"Age (a, Min)","Age (a, Max)",Geol,Age,Eruption Day,Eruption Month,Eruption Year,Rock Texture,Rock Type,Drill Depth (Min),Drill Depth (Max),Alteration,Mineral,Material,Si,Ti,B,Al,Cr,Fe3+,Fe2+,Fetot(2+),Ca,Mg,Mn,Ni,K,Na,P,H2O,H2OP,H2OM,H2Otot,CO2,CO,F,Cl,Cl2,OH,CH4,SO2,SO3,SO4,S,LOI,Volatiles,O,Others,HE(CCM/G),HE(CCMSTP/G),HE3(CCMSTP/G),HE3(AT/G),HE4(CCM/G),HE4(CCMSTP/G),HE4(AT/G),HE4(MOLE/G),HE4(NCC/G),HE(NCC/G),Li,Be,B,C,CO2,F,Na,Mg,Al,P,S,Cl,K,Ca,Sc,Ti,V,Cr,Mn,Fe,Co,Ni,Cu,Zn,Ga,Ge,As,Se,Br,Rb,Sr,Y,Zr,Nb,Mo,Ru,Rh,Pd,Ag,Cd,In,Sn,Sb,Te,I,Cs,Ba,La,Ce,Pr,Nd,Sm,Eu,Gd,Tb,Dy,Ho,Er,Tm,Yb,Lu,Hf,Ta,W,Re,Os,Ir,Pt,Au,Hg,Tl,Pb,Bi,Th,U,Nd143/Nd144,Nd143/Nd144 initial,e Nd,Sr87/Sr86,SR87_SR86_INI,PB206_PB204,PB206_PB204_INI,PB207_PB204,PB207_PB204_INI,PB208_PB204,PB208_PB204_INI,OS184_OS188,OS186_OS188,OS187_OS186,OS187_OS188,RE187_OS186,RE187_OS188,HF176_HF177,HE3_HE4,HE3_HE4(R/R(A)),HE4_HE3,HE4_HE3(R/R(A)),K40_AR40,AR40_K40,Unique Id,
[7934],INTRAPLATE VOLCANICS,ARABIAN-NUBIAN SHIELD - CENOZOIC / LEBANON / NORTHERN LEBANON,AKKAR REGION,34.9,34.95,36.2,36.4,SUBAERIAL,,,s PN-5 [7934],BASALT [7934],,,,PLIOCENE [7934],,,,,VOLCANIC ROCK,,,,,WHOLE_ROCK [7934] ,219133.52800000002,15762.641999999998,,80869.5528,,,,98561.64,68897.08,35579.36,1316.5786,,7720.395,23591.0526,2749.4523,,,,,,,,,,,,,,,,9100.,,,,,,,,,,,,,,,,,,,,,,,,,,,,29,,244,254,,,,146,,,21.9,,,,,12.4,692.5,29.7,167.2,37.4,,,,,,,,,,,,,404,,,,,,,,,,,,,,,,,,,,,,,,,3.9,,9.7,5,,,,,,,,,,,,,,,,,,,,,,,,,210227,
[7934],INTRAPLATE VOLCANICS,ARABIAN-NUBIAN SHIELD - CENOZOIC / LEBANON / NORTHERN LEBANON,AKKAR REGION,34.9,34.95,36.2,36.4,SUBAERIAL,,,s PN-7 [7934],BASALT [7934],,,,PLIOCENE [7934],,,,,VOLCANIC ROCK,,,,,WHOLE_ROCK [7934] ,219787.93700000003,15403.037999999999,,81928.05480000001,,,,98095.26,68468.26,34252.672,1161.687,,6890.245,23442.6812,2574.8839,,,,,,,,,,,,,,,,15100.,,,,,,,,,,,,,,,,,,,,,,,,,,,,24,,254,270,,,,134,,,23.1,,,,,11.3,740.7,29.1,149.6,34.5,,,,,,,,,,,,,403,25.89,55.17,7.22,30.67,6.59,2.21,6.03,0.83,4.61,0.87,2.2,0.29,1.77,0.25,25.89,55.17,,,,,,,,,5.3,,10.3,4.8,0.512934,,,0.703349,,,,,,,,,,,,,,,,,,,,,210228,
[7934],INTRAPLATE VOLCANICS,ARABIAN-NUBIAN SHIELD - CENOZOIC / LEBANON / NORTHERN LEBANON,AKKAR REGION,34.9,34.95,36.2,36.4,SUBAERIAL,,,s PN-10 [7934],BASALT [7934],,,,PLIOCENE [7934],,,,,VOLCANIC ROCK,,,,,WHOLE_ROCK [7934] ,217123.55750000002,14683.83,,84256.7592,,,,97628.88,68396.79000000001,28282.576,1239.1328,,6309.14,21662.2244,2269.3892,,,,,,,,,,,,,,,,24200.,,,,,,,,,,,,,,,,,,,,,,,,,,,,27,,260,270,,,,89,,,22.6,,,,,8.1,639,29.6,149.8,33.8,,,,,,,,,,,,,393,,,,,,,,,,,,,,,,,,,,,,,,,3.6,,9.8,4.8,,,,,,,,,,,,,,,,,,,,,,,,,210229,
[7934],INTRAPLATE VOLCANICS,ARABIAN-NUBIAN SHIELD - CENOZOIC / LEBANON / NORTHERN LEBANON,AKKAR REGION,34.9,34.95,36.2,36.4,SUBAERIAL,,,s PN-13 [7934],BASALT [7934],,,,PLIOCENE [7934],,,,,VOLCANIC ROCK,,,,,WHOLE_ROCK [7934] ,212402.464,14204.358,,88067.36640000001,,,,95296.98,71112.65,29790.176,1316.5786,,6973.259999999999,20771.996,4015.0732000000003,,,,,,,,,,,,,,,,26900.,,,,,,,,,,,,,,,,,,,,,,,,,,,,31,,261,218,,,,86,,,23.3,,,,,9.2,573.8,33.1,141.3,25.4,,,,,,,,,,,,,354,,,,,,,,,,,,,,,,,,,,,,,,,6.5,,9.2,5,,,,,,,,,,,,,,,,,,,,,,,,,210230,
[7934],INTRAPLATE VOLCANICS,ARABIAN-NUBIAN SHIELD - CENOZOIC / LEBANON / NORTHERN LEBANON,AKKAR REGION,34.9,34.95,36.2,36.4,SUBAERIAL,,,s PN-15 [7934],BASALT [7934],,,,PLIOCENE [7934],,,,,VOLCANIC ROCK,,,,,WHOLE_ROCK [7934] ,217637.73600000003,16781.519999999997,,84203.83410000001,,,,94830.59999999999,54603.079999999994,26352.847999999998,1239.1328,,9214.665,22700.8242,2051.1787,,,,,,,,,,,,,,,,44500.,,,,,,,,,,,,,,,,,,,,,,,,,,,,20,,246,228,,,,96,,,23.9,,,,,17.7,555.5,34.4,183.7,36.4,,,,,,,,,,,,,442,27.66,59.93,7.87,34.07,7.73,2.46,7.3,1.03,5.69,1.06,2.71,0.35,2.09,0.3,4.86,1.24,,,,,,,,,3.4,,9.2,5.3,0.512842,,,0.703579,,,,,,,,,,,,,,,,,,,,,210231,
[7934],INTRAPLATE VOLCANICS,ARABIAN-NUBIAN SHIELD - CENOZOIC / LEBANON / NORTHERN LEBANON,AKKAR REGION,34.9,34.95,36.2,36.4,SUBAERIAL,,,s PN-18 [7934],BASALT [7934],,,,PLIOCENE [7934],,,,,VOLCANIC ROCK,,,,,WHOLE_ROCK [7934] ,213617.79500000004,14923.566,,90448.99590000001,,,,102292.68000000001,54531.61,22915.519999999997,1316.5786,,6060.095,21662.2244,1483.8314,,,,,,,,,,,,,,,,49800.00000000001,,,,,,,,,,,,,,,,,,,,,,,,,,,,25,,254,285,,,,111,,,23.4,,,,,8.6,443,30.3,131.2,18.8,,,,,,,,,,,,,313,,,,,,,,,,,,,,,,,,,,,,,,,4.8,,7.8,5.4,,,,,,,,,,,,,,,,,,,,,,,,,210232,
[7934],INTRAPLATE VOLCANICS,ARABIAN-NUBIAN SHIELD - CENOZOIC / LEBANON / NORTHERN LEBANON,AKKAR REGION,34.9,34.95,36.2,36.4,SUBAERIAL,,,s PN-22 [7934],BASALT [7934],,,,PLIOCENE [7934],,,,,VOLCANIC ROCK,,,,,WHOLE_ROCK [7934] ,212355.72050000002,17620.595999999998,,79281.79980000001,,,,93664.65000000001,60963.909999999996,37569.392,1161.687,,8799.59,20326.8818,2094.8208,,,,,,,,,,,,,,,,39800.,,,,,,,,,,,,,,,,,,,,,,,,,,,,22,,267,314,,,,173,,,22.7,,,,,13.2,679.3,28.1,166.9,38.6,,,,,,,,,,,,,458,,,,,,,,,,,,,,,,,,,,,,,,,3.1,,9.4,4.4,,,,,,,,,,,,,,,,,,,,,,,,,210233,
[7934],INTRAPLATE VOLCANICS,ARABIAN-NUBIAN SHIELD - CENOZOIC / LEBANON / NORTHERN LEBANON,AKKAR REGION,34.9,34.95,36.2,36.4,SUBAERIAL,,,s PN-25 [7934],BASALT [7934],,,,PLIOCENE [7934],,,,,VOLCANIC ROCK,,,,,WHOLE_ROCK [7934] ,208289.03600000002,15043.433999999997,,82510.23090000001,,,,98017.53,69468.84000000001,38232.736,1471.4702,,9546.724999999999,18398.0536,2531.2418,,,,,,,,,,,,,,,,26900.,,,,,,,,,,,,,,,,,,,,,,,,,,,,21,,238,304,,,,228,,,21.1,,,,,14.3,744,32.9,142.9,35.5,,,,,,,,,,,,,590,34.43,60.55,7.66,31.68,7.17,2.33,6.54,0.94,5.26,0.99,2.6,0.34,1.97,0.29,3.88,1.66,,,,,,,,,3.4,,11.3,4.7,,,,,,,,,,,,,,,,,,,,,,,,,210234,
[7934],INTRAPLATE VOLCANICS,ARABIAN-NUBIAN SHIELD - CENOZOIC / LEBANON / NORTHERN LEBANON,AKKAR REGION,34.9,34.95,36.2,36.4,SUBAERIAL,,,s PN-29 [7934],BASALT [7934],,,,PLIOCENE [7934],,,,,VOLCANIC ROCK,,,,,WHOLE_ROCK [7934] ,217777.96650000004,14444.094,,78487.92330000001,,,,93975.56999999999,70969.70999999999,42815.84,1239.1328,,7969.44,21736.4101,2094.8208,,,,,,,,,,,,,,,,15100.,,,,,,,,,,,,,,,,,,,,,,,,,,,,25,,250,326,,,,169,,,21.8,,,,,13.9,606.3,28.9,153.4,29.6,,,,,,,,,,,,,361,,,,,,,,,,,,,,,,,,,,,,,,,5.7,,10.4,5.5,,,,,,,,,,,,,,,,,,,,,,,,,210235,
[7934],INTRAPLATE VOLCANICS,ARABIAN-NUBIAN SHIELD - CENOZOIC / LEBANON / NORTHERN LEBANON,AKKAR REGION,34.9,34.95,36.2,36.4,SUBAERIAL,,,s PN-32 [7934],BASALT [7934],,,,PLIOCENE [7934],,,,,VOLCANIC ROCK,,,,,WHOLE_ROCK [7934] ,216422.405,13724.885999999999,,80816.6277,,,,88301.28,79045.82,31961.119999999995,2091.0366,,7139.29,23442.6812,2269.3892,,,,,,,,,,,,,,,,26800.,,,,,,,,,,,,,,,,,,,,,,,,,,,,24,,237,218,,,,85,,,21.9,,,,,11.3,680.4,28.1,142.8,28.7,,,,,,,,,,,,,363,,,,,,,,,,,,,,,,,,,,,,,,,2.3,,10,5,,,,,,,,,,,,,,,,,,,,,,,,,210236,
[7934],INTRAPLATE VOLCANICS,ARABIAN-NUBIAN SHIELD - CENOZOIC / LEBANON / NORTHERN LEBANON,AKKAR REGION,34.9,34.95,36.2,36.4,SUBAERIAL,,,s PN-36 [7934],BASALT [7934],,,,PLIOCENE [7934],,,,,VOLCANIC ROCK,,,,,WHOLE_ROCK [7934] ,217404.0185,12706.008,,78646.6986,,,,90944.09999999999,62107.42999999999,45408.912,1239.1328,,6558.185,21810.5958,1527.4734999999998,,,,,,,,,,,,,,,,29900.000000000004,,,,,,,,,,,,,,,,,,,,,,,,,,,,27,,215,255,,,,114,,,20.9,,,,,10.1,483.5,27.8,134.1,21.1,,,,,,,,,,,,,317,,,,,,,,,,,,,,,,,,,,,,,,,4.5,,8.6,5.5,,,,,,,,,,,,,,,,,,,,,,,,,210237,
[7934],INTRAPLATE VOLCANICS,ARABIAN-NUBIAN SHIELD - CENOZOIC / LEBANON / NORTHERN LEBANON,AKKAR REGION,34.9,34.95,36.2,36.4,SUBAERIAL,,,s PN-39 [7934],BASALT [7934],,,,PLIOCENE [7934],,,,,VOLCANIC ROCK,,,,,WHOLE_ROCK [7934] ,215347.30450000003,12226.536,,79546.4253,,,,84958.89,62822.13,44926.479999999996,1084.2412000000002,,6143.11,20994.5531,1527.4734999999998,,,,,,,,,,,,,,,,46300.,,,,,,,,,,,,,,,,,,,,,,,,,,,,27,,216,233,,,,99,,,20.2,,,,,9.3,410.2,25.3,116.4,20.3,,,,,,,,,,,,,250,,,,,,,,,,,,,,,,,,,,,,,,,2.8,,7.1,5.7,,,,,,,,,,,,,,,,,,,,,,,,,210238,
[7934],INTRAPLATE VOLCANICS,ARABIAN-NUBIAN SHIELD - CENOZOIC / LEBANON / NORTHERN LEBANON,AKKAR REGION,34.9,34.95,36.2,36.4,SUBAERIAL,,,s PN-40 [7934],BASALT [7934],,,,PLIOCENE [7934],,,,,VOLCANIC ROCK,,,,,WHOLE_ROCK [7934] ,219787.93700000003,12526.205999999998,,81240.0285,,,,101748.56999999999,69540.31,41127.328,1394.0244,,4648.84,23294.3098,1265.6209,,,,,,,,,,,,,,,,7500.,,,,,,,,,,,,,,,,,,,,,,,,,,,,32,,233,307,,,,203,,,22.5,,,,,7.3,375.1,27.2,103.5,15.7,,,,,,,,,,,,,240,11.98,27.18,3.64,16.6,4.56,1.56,4.7,0.7,4.13,0.81,2.19,0.29,1.74,0.25,2.75,0.57,,,,,,,,,4,,8.5,6.8,,,,,,,,,,,,,,,,,,,,,,,,,210239,
[7934],INTRAPLATE VOLCANICS,ARABIAN-NUBIAN SHIELD - CENOZOIC / LEBANON / NORTHERN LEBANON,AKKAR REGION,34.9,34.95,36.2,36.4,SUBAERIAL,,,s PN-42 [7934],BASALT [7934],,,,PLIOCENE [7934],,,,,VOLCANIC ROCK,,,,,WHOLE_ROCK [7934] ,211981.77250000002,14983.5,,87008.8644,,,,101126.73,63108.01,23518.559999999998,1316.5786,,6392.155,20549.4389,1876.6103,,,,,,,,,,,,,,,,40900.,,,,,,,,,,,,,,,,,,,,,,,,,,,,36,,257,215,,,,96,,,22.9,,,,,9.2,553.5,29.1,143.1,24.8,,,,,,,,,,,,,351,,,,,,,,,,,,,,,,,,,,,,,,,2.9,,8.7,5.6,,,,,,,,,,,,,,,,,,,,,,,,,210240,
[7934],INTRAPLATE VOLCANICS,ARABIAN-NUBIAN SHIELD - CENOZOIC / LEBANON / NORTHERN LEBANON,AKKAR REGION,34.9,34.95,36.2,36.4,SUBAERIAL,,,s PN-46A [7934],BASALT [7934],,,,PLIOCENE [7934],,,,,VOLCANIC ROCK,,,,,WHOLE_ROCK [7934] ,212495.95100000003,14324.226,,93518.65170000002,,,,100427.16,45812.270000000004,17246.944,1316.5786,,6807.23,21291.2959,1483.8314,,,,,,,,,,,,,,,,66600.,,,,,,,,,,,,,,,,,,,,,,,,,,,,23,,214,177,,,,62,,,24.2,,,,,10.4,417.3,31.7,154.5,23.8,,,,,,,,,,,,,352,,,,,,,,,,,,,,,,,,,,,,,,,2.9,,8.1,5.8,,,,,,,,,,,,,,,,,,,,,,,,,210241,
[7934],INTRAPLATE VOLCANICS,ARABIAN-NUBIAN SHIELD - CENOZOIC / LEBANON / NORTHERN LEBANON,AKKAR REGION,34.9,34.95,36.2,36.4,SUBAERIAL,,,s PN-50 [7934],BASALT [7934],,,,PLIOCENE [7934],,,,,VOLCANIC ROCK,,,,,WHOLE_ROCK [7934] ,219694.45,13605.018,,84045.05880000001,,,,95296.98,64608.88,27558.928,1006.7954,,6890.245,22700.8242,1658.3998000000001,,,,,,,,,,,,,,,,32900.,,,,,,,,,,,,,,,,,,,,,,,,,,,,24,,244,298,,,,107,,,22.4,,,,,10.4,513.4,28.5,131.5,21.5,,,,,,,,,,,,,348,,,,,,,,,,,,,,,,,,,,,,,,,2.8,,8.9,5.5,,,,,,,,,,,,,,,,,,,,,,,,,210242,
[7934],INTRAPLATE VOLCANICS,ARABIAN-NUBIAN SHIELD - CENOZOIC / LEBANON / NORTHERN LEBANON,AKKAR REGION,34.9,34.95,36.2,36.4,SUBAERIAL,,,s PN-52 [7934],BASALT [7934],,,,PLIOCENE [7934],,,,,VOLCANIC ROCK,,,,,WHOLE_ROCK [7934] ,215020.1,13185.48,,84150.909,,,,103147.70999999999,61464.2,30212.303999999996,1161.687,,4731.855,20623.6246,1265.6209,,,,,,,,,,,,,,,,39400.,,,,,,,,,,,,,,,,,,,,,,,,,,,,27,,266,346,,,,191,,,21,,,,,5.7,410.8,27.3,97.6,16.3,,,,,,,,,,,,,268,12.56,26.17,3.62,16.55,4.44,1.59,4.64,0.7,4.13,0.8,2.11,0.29,1.74,0.25,2.74,0.45,,,,,,,,,4.6,,7.7,6.1,0.512889,,,0.703317,,,,,,,,,,,,,,,,,,,,,210243,
[8295],INTRAPLATE VOLCANICS,ARABIAN-NUBIAN SHIELD - CENOZOIC / JORDAN / HARRAT ASH SHAAM (SHAMAH) VOLCANIC FIELD,,32.135,32.135,36.95,36.95,SUBAERIAL,,,s JS001 [8295],"BASALT, ALKALINE [8295]",,,,CENOZOIC [8295],,,,,VOLCANIC ROCK,,,,,WHOLE_ROCK [8295] ,208008.575,15103.367999999999,,78011.5974,,,,90555.45,70112.07,55720.896,1401.7689799999998,,12692.993499999999,27003.5948,2369.7660300000002,,,,,,,,,,,,,,,,9800.,,,,,,,,,,,,,,,,,,,,,,,,,257,,,22.5,,211,205,,,,176,63.2,87.8,21,,,,,21.4,661,23.1,218,43.8,,,,,,,,,,,,,308,25.7,60.6,,29.1,,,,,,,,,,,,,,,,,,,,,2.6,,3.3,,0.512948,,,0.70311,,,,,,,,,,,,,,,,,,,,,210343,
[8295],INTRAPLATE VOLCANICS,ARABIAN-NUBIAN SHIELD - CENOZOIC / JORDAN / HARRAT ASH SHAAM (SHAMAH) VOLCANIC FIELD,,32.05,32.05,36.85,36.85,SUBAERIAL,,,s JS004 [8295],"BASALT, ALKALINE [8295]",,,,CENOZOIC [8295],,,,,VOLCANIC ROCK,,,,,WHOLE_ROCK [8295] ,199379.72490000003,18100.068,,75407.68248,,,,90217.95085845423,62936.481999999996,60864.8272,1308.83402,,8874.3035,28338.9374,2400.3155,,,,,,,,,,,,,,,,29600.,,,,,,,,,,,,,,,,,,,,,,,,,51.6,,,18.9,,211.2,206.1,,,,228.4,57.7,85.2,20.3,,,,,25,804.2,22,229.9,45.6,,,,,,,,,,,,,336.2,28.89,60.77,,30.65,6.405,2.11,5.937,,4.406,,1.916,,1.387,0.184,,,,,,,,,,,2.3,,3.3,,0.512951,,,0.70307,,19.217,,15.588,,38.909,,,,,,,,,,,,,,,210344,
[8295],INTRAPLATE VOLCANICS,ARABIAN-NUBIAN SHIELD - CENOZOIC / JORDAN / HARRAT ASH SHAAM (SHAMAH) VOLCANIC FIELD,,31.5,32.5,36,38,SUBAERIAL,,,s JS005 [8295],"BASALT, ALKALINE [8295]",,,,CENOZOIC [8295],,,,,VOLCANIC ROCK,,,,,WHOLE_ROCK [8295] ,221984.88150000002,12238.522799999999,,79096.56195,,,,86312.89442094855,70426.538,55907.8384,1270.11112,,6873.642,22923.381299999997,1296.17037,,,,,,,,,,,,,,,,6899.999999999999,,,,,,,,,,,,,,,,,,,,,,,,,52.8,,,23,,209,322.5,,,,164,53.9,93.7,20.3,,,,,10.6,430.1,20.3,132.3,23.6,,,,,,,,,,,,,204.9,14.9,32.9,,18.6,,,,,,,,,,,,,,,,,,,,,1.4,,2.1,,,,,,,,,,,,,,,,,,,,,,,,,,210345,
[8295],INTRAPLATE VOLCANICS,ARABIAN-NUBIAN SHIELD - CENOZOIC / JORDAN / HARRAT ASH SHAAM (SHAMAH) VOLCANIC FIELD,,31.5,32.5,36,38,SUBAERIAL,,,s JS006 [8295],"BASALT, ALKALINE [8295]",,,,CENOZOIC [8295],,,,,VOLCANIC ROCK,,,,,WHOLE_ROCK [8295] ,222957.14630000002,13611.0114,,87167.6397,,,,82061.57471969775,76415.724,41953.4928,1262.36654,,7272.114,22849.1956,1300.53458,,,,,,,,,,,,,,,,8200.,,,,,,,,,,,,,,,,,,,,,,,,,101.1,,,24,,220.8,156.1,,,,68.4,58.8,82.3,20.7,,,,,9.3,514.7,20.5,144.6,22.1,,,,,,,,,,,,,178.4,12.3,33.3,,18.7,,,,,,,,,,,,,,,,,,,,,1,,1.3,,,,,,,,,,,,,,,,,,,,,,,,,,210346,
[8295],INTRAPLATE VOLCANICS,ARABIAN-NUBIAN SHIELD - CENOZOIC / JORDAN / HARRAT ASH SHAAM (SHAMAH) VOLCANIC FIELD,,32.225,32.225,37.2233,37.2233,SUBAERIAL,,,s JS007 [8295],"BASALT, ALKALINE [8295]",,,,CENOZOIC [8295],,,,,VOLCANIC ROCK,,,,,WHOLE_ROCK [8295] ,220559.20475000003,13353.2952,,79239.45972,,,,86471.5159398899,67381.91600000001,57144.070400000004,1270.11112,,8085.661,24852.2095,1501.2882399999999,,,,,,,,,,,,,,,,3800.,,,,,,,,,,,,,,,,,,,,,,,,,1122.8,,,21.9,,204.9,309.3,,,,191.8,67.5,93.1,20.3,,,,,15.1,485.8,20.9,145.7,28.5,,,,,,,,,,,,,206.6,17.4,43.5,,21.3,,,,,,,,,,,,,,,,,,,,,0.7,,1.3,,0.512877,,,0.70359,,,,,,,,,,,,,,,,,,,,,210347,
[8295],INTRAPLATE VOLCANICS,ARABIAN-NUBIAN SHIELD - CENOZOIC / JORDAN / HARRAT ASH SHAAM (SHAMAH) VOLCANIC FIELD,,31.5,32.5,36,38,SUBAERIAL,,,s JS008 [8295],"BASALT, ALKALINE [8295]",,,,CENOZOIC [8295],,,,,VOLCANIC ROCK,,,,,WHOLE_ROCK [8295] ,220124.4902,11561.2686,,79244.75223000001,,,,91136.7707981647,64966.229999999996,56185.2368,1324.32318,,6001.9845,26706.852,1283.07774,,,,,,,,,,,,,,,,2900.,,,,,,,,,,,,,,,,,,,,,,,,,170.7,,,20.8,,194.5,281,,,,228.8,76.6,97.6,20,,,,,9.4,421.8,18.5,117.2,20.2,,,,,,,,,,,,,149,13.3,32.8,,17.7,,,,,,,,,,,,,,,,,,,,,1.6,,1.6,,,,,,,,,,,,,,,,,,,,,,,,,,210348,
[8295],INTRAPLATE VOLCANICS,ARABIAN-NUBIAN SHIELD - CENOZOIC / JORDAN / HARRAT ASH SHAAM (SHAMAH) VOLCANIC FIELD,,32.3067,32.3067,37.49,37.49,SUBAERIAL,,,s JS009 [8295],"BASALT, ALKALINE [8295]",,,,CENOZOIC [8295],,,,,VOLCANIC ROCK,,,,,WHOLE_ROCK [8295] ,226093.63515000002,13173.493199999999,,86786.57898,,,,82180.54435615933,74221.595,25412.105600000003,1161.687,,6765.7225,22626.638499999997,1475.1029800000001,,,,,,,,,,,,,,,,27900.,,,,,,,,,,,,,,,,,,,,,,,,,-95.8,,,23.4,,260.6,130.2,,,,60.1,77.7,86.7,21.7,,,,,6,1070.6,23.1,152.7,17.8,,,,,,,,,,,,,159.7,15.4,34.9,,20.5,,,,,,,,,,,,,,,,,,,,,0.9,,1.5,,0.512901,,,0.70324,,,,,,,,,,,,,,,,,,,,,210349,
[8295],INTRAPLATE VOLCANICS,ARABIAN-NUBIAN SHIELD - CENOZOIC / JORDAN / HARRAT ASH SHAAM (SHAMAH) VOLCANIC FIELD,,31.5,32.5,36,38,SUBAERIAL,,,s JS010 [8295],"BASALT, ALKALINE [8295]",,,,CENOZOIC [8295],,,,,VOLCANIC ROCK,,,,,WHOLE_ROCK [8295] ,219058.7384,11771.0376,,78456.16824,,,,87896.81541078015,67532.003,58072.752,1308.83402,,7321.923,23294.3098,1540.56613,,,,,,,,,,,,,,,,10300.,,,,,,,,,,,,,,,,,,,,,,,,,271,,,19.8,,189.4,289.5,,,,212.7,77.8,90.7,19.6,,,,,10.6,512.7,19.3,138.1,25.1,,,,,,,,,,,,,185.4,17.7,41.5,,21.2,,,,,,,,,,,,,,,,,,,,,1,,2,,,,,,,,,,,,,,,,,,,,,,,,,,210350,
[8295],INTRAPLATE VOLCANICS,ARABIAN-NUBIAN SHIELD - CENOZOIC / JORDAN / HARRAT ASH SHAAM (SHAMAH) VOLCANIC FIELD,,32.175,32.175,37.1217,37.1217,SUBAERIAL,,,s JS011 [8295],"BASALT, ALKALINE [8295]",,,,CENOZOIC [8295],,,,,VOLCANIC ROCK,,,,,WHOLE_ROCK [8295] ,226916.32075,12694.0212,,84844.22781,,,,78624.33915144464,76029.786,35923.0928,1223.64364,,8218.485,25000.5809,1344.17668,,,,,,,,,,,,,,,,12100.,,,,,,,,,,,,,,,,,,,,,,,,,-78.8,,,21.5,,196.2,187.5,,,,44.1,32.5,85.3,20.9,,,,,15,517.4,21,146.6,24.2,,,,,,,,,,,,,1029.3,16.2,40.5,,21.2,,,,,,,,,,,,,,,,,,,,,2,,1.3,,0.512856,,,0.70377,,,,,,,,,,,,,,,,,,,,,210351,
[8295],INTRAPLATE VOLCANICS,ARABIAN-NUBIAN SHIELD - CENOZOIC / JORDAN / HARRAT ASH SHAAM (SHAMAH) VOLCANIC FIELD,,31.5,32.5,36,38,SUBAERIAL,,,s JS012 [8295],"BASALT, ALKALINE [8295]",,,,CENOZOIC [8295],,,,,VOLCANIC ROCK,,,,,WHOLE_ROCK [8295] ,207176.54070000004,14863.632,,73465.33131000001,,,,89669.45530009919,78131.004,47983.892799999994,1239.1328,,9654.6445,25742.4379,1924.61661,,,,,,,,,,,,,,,,25099.999999999996,,,,,,,,,,,,,,,,,,,,,,,,,48.6,,,18.2,,189.3,227.8,,,,220.8,66.3,93.3,22.1,,,,,12.9,665.3,18.8,185,26.7,,,,,,,,,,,,,560.5,19.7,50,,25,,,,,,,,,,,,,,,,,,,,,1.4,,3.1,,,,,,,,,,,,,,,,,,,,,,,,,,210352,
[8295],INTRAPLATE VOLCANICS,ARABIAN-NUBIAN SHIELD - CENOZOIC / JORDAN / HARRAT ASH SHAAM (SHAMAH) VOLCANIC FIELD,,32.17,32.17,37.1017,37.1017,SUBAERIAL,,,s JS013 [8295],"BASALT, ALKALINE [8295]",,,,CENOZOIC [8295],,,,,VOLCANIC ROCK,,,,,WHOLE_ROCK [8295] ,229473.1902,12616.107,,85601.05674,,,,77483.24064878971,72835.077,37044.7472,1200.4098999999999,,8500.736,25519.8808,1400.91141,,,,,,,,,,,,,,,,8900.,,,,,,,,,,,,,,,,,,,,,,,,,471.2,,,22.6,,203.8,188.4,,,,44.9,31.4,91.4,22.2,,,,,15.5,490.1,20.5,146.4,24.3,,,,,,,,,,,,,221.6,16.2,38,,20.6,,,,,,,,,,,,,,,,,,,,,2.4,,1.7,,0.512847,,,0.70372,,,,,,,,,,,,,,,,,,,,,210353,
[8295],INTRAPLATE VOLCANICS,ARABIAN-NUBIAN SHIELD - CENOZOIC / JORDAN / HARRAT ASH SHAAM (SHAMAH) VOLCANIC FIELD,,31.5,32.5,36,38,SUBAERIAL,,,s JS014 [8295],"BASALT, ALKALINE [8295]",,,,CENOZOIC [8295],,,,,VOLCANIC ROCK,,,,,WHOLE_ROCK [8295] ,215108.91265,12957.7308,,77503.51644,,,,83626.12790875557,81890.326,49183.9424,1270.11112,,6591.3910000000005,22775.009899999997,1540.56613,,,,,,,,,,,,,,,,18500.,,,,,,,,,,,,,,,,,,,,,,,,,64.7,,,23.3,,198.9,294.4,,,,105.9,52.3,84,20,,,,,9.8,494.7,20.3,146.7,27,,,,,,,,,,,,,509.8,14.2,38,,20,,,,,,,,,,,,,,,,,,,,,1.4,,1.9,,,,,,,,,,,,,,,,,,,,,,,,,,210354,
[8295],INTRAPLATE VOLCANICS,ARABIAN-NUBIAN SHIELD - CENOZOIC / JORDAN / HARRAT ASH SHAAM (SHAMAH) VOLCANIC FIELD,,32.035,32.035,37.9717,37.9717,SUBAERIAL,,,s JS015 [8295],"BASALT, ALKALINE [8295]",,,,CENOZOIC [8295],,,,,VOLCANIC ROCK,,,,,WHOLE_ROCK [8295] ,217796.6639,13113.5592,,82541.98596,,,,86819.85657338276,73149.545,50655.36,1301.08944,,6607.994000000001,21810.5958,1335.44826,,,,,,,,,,,,,,,,9400.,,,,,,,,,,,,,,,,,,,,,,,,,129.3,,,23.3,,211.7,264.5,,,,142.5,68,83.7,19.9,,,,,9.5,452.3,21,139.5,19.6,,,,,,,,,,,,,200.3,12.8,36.1,,19.4,,,,,,,,,,,,,,,,,,,,,1.8,,2.2,,0.512911,,,0.7033,,,,,,,,,,,,,,,,,,,,,210355,
[8295],INTRAPLATE VOLCANICS,ARABIAN-NUBIAN SHIELD - CENOZOIC / JORDAN / HARRAT ASH SHAAM (SHAMAH) VOLCANIC FIELD,,31.5,32.5,36,38,SUBAERIAL,,,s JS016 [8295],"BASALT, ALKALINE [8295]",,,,CENOZOIC [8295],,,,,VOLCANIC ROCK,,,,,WHOLE_ROCK [8295] ,221213.61375000002,17356.8864,,85024.17315000002,,,,79018.20006208925,70712.418,34391.3712,1153.9424199999999,,10625.92,28487.3088,4316.20369,,,,,,,,,,,,,,,,7000.,,,,,,,,,,,,,,,,,,,,,,,,,403.2,,,20.1,,214.9,77.5,,,,48.8,37.1,93.8,22.5,,,,,10.3,1539.3,22.4,214.7,38.3,,,,,,,,,,,,,631.9,35.4,83.9,,41.8,,,,,,,,,,,,,,,,,,,,,2.3,,2.8,,,,,,,,,,,,,,,,,,,,,,,,,,210356,
[8295],INTRAPLATE VOLCANICS,ARABIAN-NUBIAN SHIELD - CENOZOIC / JORDAN / HARRAT ASH SHAAM (SHAMAH) VOLCANIC FIELD,,31.5,32.5,36,38,SUBAERIAL,,,s JS017 [8295],"BASALT, ALKALINE [8295]",,,,CENOZOIC [8295],,,,,VOLCANIC ROCK,,,,,WHOLE_ROCK [8295] ,216296.19755000004,11980.8066,,79768.71072,,,,88795.97378025758,67131.77100000001,60460.7904,1324.32318,,7039.672,24332.9096,1418.36825,,,,,,,,,,,,,,,,4500.,,,,,,,,,,,,,,,,,,,,,,,,,115.8,,,25,,213,298.5,,,,222.9,69.6,91.4,19.7,,,,,10.3,488.3,20.2,138,26.3,,,,,,,,,,,,,168.6,13.4,36.9,,19,,,,,,,,,,,,,,,,,,,,,1.6,,1.3,,,,,,,,,,,,,,,,,,,,,,,,,,210357,
[8295],INTRAPLATE VOLCANICS,ARABIAN-NUBIAN SHIELD - CENOZOIC / JORDAN / HARRAT ASH SHAAM (SHAMAH) VOLCANIC FIELD,,31.5,32.5,36,38,SUBAERIAL,,,s JS018 [8295],"BASALT, ALKALINE [8295]",,,,CENOZOIC [8295],,,,,VOLCANIC ROCK,,,,,WHOLE_ROCK [8295] ,213856.18685,11009.8758,,82579.03353,,,,79221.67737964583,83970.103,42713.3232,1293.3448600000002,,6060.095,22700.8242,1274.34932,,,,,,,,,,,,,,,,25200.,,,,,,,,,,,,,,,,,,,,,,,,,169.9,,,23.8,,190.1,182.4,,,,87.4,57.6,73.2,18.3,,,,,7.3,768.8,21.8,126.5,18.6,,,,,,,,,,,,,150.1,12.2,30.5,,16.8,,,,,,,,,,,,,,,,,,,,,1.8,,1.2,,,,,,,,,,,,,,,,,,,,,,,,,,210358,
[8295],INTRAPLATE VOLCANICS,ARABIAN-NUBIAN SHIELD - CENOZOIC / JORDAN / HARRAT ASH SHAAM (SHAMAH) VOLCANIC FIELD,,31.5,32.5,36,38,SUBAERIAL,,,s JS021 [8295],"BASALT, ALKALINE [8295]",,,,CENOZOIC [8295],,,,,VOLCANIC ROCK,,,,,WHOLE_ROCK [8295] ,214071.20695,12190.575599999998,,69951.10467,,,,83425.68620894486,82998.11099999999,51204.126399999994,1208.15448,,6757.420999999999,21736.4101,1361.63352,,,,,,,,,,,,,,,,28600.,,,,,,,,,,,,,,,,,,,,,,,,,1032.9,,,21.4,,177.9,289.7,,,,246.6,62.6,96.1,18.6,,,,,9.3,658.5,19.4,134.7,22.5,,,,,,,,,,,,,167.9,12.2,38.2,,20,,,,,,,,,,,,,,,,,,,,,1.3,,2.4,,,,,,,,,,,,,,,,,,,,,,,,,,210359,
[8295],INTRAPLATE VOLCANICS,ARABIAN-NUBIAN SHIELD - CENOZOIC / JORDAN / HARRAT ASH SHAAM (SHAMAH) VOLCANIC FIELD,,31.8,31.8,36.7483,36.7483,SUBAERIAL,,,s JS022 [8295],"BASALT, ALKALINE [8295]",,,,CENOZOIC [8295],,,,,VOLCANIC ROCK,,,,,WHOLE_ROCK [8295] ,216099.87485000002,12544.186199999998,,70655.0085,,,,85327.836462701,76487.194,53791.168,1215.89906,,7396.6365000000005,22626.638499999997,1400.91141,,,,,,,,,,,,,,,,21400.,,,,,,,,,,,,,,,,,,,,,,,,,518.9,,,19.8,,179.4,290.2,,,,245.2,61.7,93.4,19.4,,,,,8.9,1171.5,18.6,129,21.3,,,,,,,,,,,,,236.4,13.7,35.2,,18.7,,,,,,,,,,,,,,,,,,,,,0.4,,1.8,,0.512937,,,0.7033,,18.992,,15.597,,38.762,,,,,,,,,,,,,,,210360,
[8295],INTRAPLATE VOLCANICS,ARABIAN-NUBIAN SHIELD - CENOZOIC / JORDAN / HARRAT ASH SHAAM (SHAMAH) VOLCANIC FIELD,,31.5,32.5,36,38,SUBAERIAL,,,s JS024 [8295],"BASALT, ALKALINE [8295]",,,,CENOZOIC [8295],,,,,VOLCANIC ROCK,,,,,WHOLE_ROCK [8295] ,209074.3268,10698.219,,72343.31919000001,,,,82658.54223881931,63915.621,65876.08959999999,1277.8557,,7130.9884999999995,16840.1539,1326.71984,,,,,,,,,,,,,,,,46800.,,,,,,,,,,,,,,,,,,,,,,,,,-59.4,,,19,,162.4,323.7,,,,311.9,67.1,88.4,18.9,,,,,10.9,457.4,17.9,117,21,,,,,,,,,,,,,217.6,13.9,34.1,,17.9,,,,,,,,,,,,,,,,,,,,,1.6,,1.9,,,,,,,,,,,,,,,,,,,,,,,,,,210361,
[8295],INTRAPLATE VOLCANICS,ARABIAN-NUBIAN SHIELD - CENOZOIC / JORDAN / HARRAT ASH SHAAM (SHAMAH) VOLCANIC FIELD,,31.6467,31.6467,37.2617,37.2617,SUBAERIAL,,,s JS026 [8295],"BASALT, ALKALINE [8295]",,,,CENOZOIC [8295],,,,,VOLCANIC ROCK,,,,,WHOLE_ROCK [8295] ,217109.53445000004,10014.9714,,77958.6723,,,,79499.94700260987,60663.736,60882.918399999995,1084.2412000000002,,4814.87,20401.067499999997,977.58304,,,,,,,,,,,,,,,,33700.,,,,,,,,,,,,,,,,,,,,,,,,,-90.6,,,18.6,,172,310.9,,,,268.7,58.4,90.1,18.7,,,,,6.7,371.9,18.9,99.1,13.6,,,,,,,,,,,,,124.9,9.74,21.99,,13.27,3.368,1.23,3.78,,3.407,,1.781,,1.465,0.209,,,,,,,,,,,1.2,,0.7,,0.51285,,,0.70367,,19.046,,15.606,,38.9,,,,,,,,,,,,,,,210362,
[8295],INTRAPLATE VOLCANICS,ARABIAN-NUBIAN SHIELD - CENOZOIC / JORDAN / HARRAT ASH SHAAM (SHAMAH) VOLCANIC FIELD,,31.7083,31.7083,37.33,37.33,SUBAERIAL,,,s JS028 [8295],"BASALT, ALKALINE [8295]",,,,CENOZOIC [8295],,,,,VOLCANIC ROCK,,,,,WHOLE_ROCK [8295] ,207377.53775000002,12184.582199999999,,71014.89918,,,,83232.0221902276,81097.00899999999,58030.53919999999,1246.8773800000001,,8658.4645,24110.3525,1549.2945499999998,,,,,,,,,,,,,,,,23000.,,,,,,,,,,,,,,,,,,,,,,,,,135.7,,,19.4,,176,298.8,,,,249.9,63,86,18,,,,,14.8,567.2,18.4,136,33.5,,,,,,,,,,,,,252.9,19.22,38.32,,19.5,4.386,1.53,4.355,,3.575,,1.686,,1.3,0.182,,,,,,,,,,,0.9,,2.7,,0.51293,,,0.70336,,18.935,,15.587,,38.728,,,,,,,,,,,,,,,210363,
[8295],INTRAPLATE VOLCANICS,ARABIAN-NUBIAN SHIELD - CENOZOIC / JORDAN / HARRAT ASH SHAAM (SHAMAH) VOLCANIC FIELD,,31.7267,31.7267,37.3517,37.3517,SUBAERIAL,,,s JS029 [8295],"BASALT, ALKALINE [8295]",,,,CENOZOIC [8295],,,,,VOLCANIC ROCK,,,,,WHOLE_ROCK [8295] ,218787.6261,9571.459799999999,,78032.76744,,,,82301.70327454344,64773.261000000006,57692.8368,1177.17616,,4516.0160000000005,20920.3674,938.30515,,,,,,,,,,,,,,,,33600.,,,,,,,,,,,,,,,,,,,,,,,,,-99.8,,,18.6,,163.8,300.5,,,,298.2,82.3,85.1,21.1,,,,,5.3,349.2,18.6,98.2,12.5,,,,,,,,,,,,,159.8,7.7,22.5,,12.5,,,,,,,,,,,,,,,,,,,,,0.3,,-0.1,,,,,,,19.049,,15.61,,38.925,,,,,,,,,,,,,,,210364,
[8295],INTRAPLATE VOLCANICS,ARABIAN-NUBIAN SHIELD - CENOZOIC / JORDAN / HARRAT ASH SHAAM (SHAMAH) VOLCANIC FIELD,,31.7267,31.7267,37.3517,37.3517,SUBAERIAL,,,s JS030 [8295],"BASALT, ALKALINE [8295]",,,,CENOZOIC [8295],,,,,VOLCANIC ROCK,,,,,WHOLE_ROCK [8295] ,209523.0644,12442.2984,,71618.24532,,,,82331.98251237319,80468.073,56197.2976,1239.1328,,8351.309,24555.4667,1514.38087,,,,,,,,,,,,,,,,24700.000000000004,,,,,,,,,,,,,,,,,,,,,,,,,154.5,,,18.8,,181.4,317.3,,,,275.7,70.5,88.5,19.7,,,,,14.5,626.2,18.9,133.2,31.6,,,,,,,,,,,,,647.6,16,35.6,,19.1,,,,,,,,,,,,,,,,,,,,,2.4,,2.5,,0.51293,,,0.7035,,,,,,,,,,,,,,,,,,,,,210365,
[8295],INTRAPLATE VOLCANICS,ARABIAN-NUBIAN SHIELD - CENOZOIC / JORDAN / HARRAT ASH SHAAM (SHAMAH) VOLCANIC FIELD,,31.8683,31.8683,37.4467,37.4467,SUBAERIAL,,,s JS031 [8295],"BASALT, ALKALINE [8295]",,,,CENOZOIC [8295],,,,,VOLCANIC ROCK,,,,,WHOLE_ROCK [8295] ,191751.1857,16272.080999999998,,64060.54104,,,,94712.88937550654,67374.769,63337.2912,1363.0460799999998,,9438.8055,29822.651399999995,4573.69208,,,,,,,,,,,,,,,,40000,,,,,,,,,,,,,,,,,,,,,,,,,567.4,,,13.5,,157.7,260.6,,,,264.2,49.8,118.2,22,,,,,19.2,1345.2,22.8,260,62.5,,,,,,,,,,,,,347.7,51.4,103.2,,48.68,9.522,3.09,8.404,,5.064,,1.776,,1.072,0.138,,,,,,,,,,,2.5,,5.3,,0.512961,,,0.70305,,19.098,,15.574,,38.77,,,,,,,,,,,,,,,210366,
[8295],INTRAPLATE VOLCANICS,ARABIAN-NUBIAN SHIELD - CENOZOIC / JORDAN / HARRAT ASH SHAAM (SHAMAH) VOLCANIC FIELD,,31.5,32.5,36,38,SUBAERIAL,,,s JS032 [8295],"BASALT, ALKALINE [8295]",,,,CENOZOIC [8295],,,,,VOLCANIC ROCK,,,,,WHOLE_ROCK [8295] ,206204.2759,15858.536399999999,,69109.59558000001,,,,92895.93925942564,71377.089,54152.992,1432.7473,,10974.583,29451.7229,2893.47123,,,,,,,,,,,,,,,,22599.999999999996,,,,,,,,,,,,,,,,,,,,,,,,,233.7,,,19.4,,196.1,378.7,,,,240.3,49.4,115.6,22.2,,,,,14.6,909.6,22.8,248.6,54.1,,,,,,,,,,,,,335.8,29.8,72.5,,36.3,,,,,,,,,,,,,,,,,,,,,1.4,,3.9,,,,,,,,,,,,,,,,,,,,,,,,,,210367,
[8295],INTRAPLATE VOLCANICS,ARABIAN-NUBIAN SHIELD - CENOZOIC / JORDAN / HARRAT ASH SHAAM (SHAMAH) VOLCANIC FIELD,,31.5,32.5,36,38,SUBAERIAL,,,s JS033 [8295],"BASALT, ALKALINE [8295]",,,,CENOZOIC [8295],,,,,VOLCANIC ROCK,,,,,WHOLE_ROCK [8295] ,208377.84865000003,15966.4176,,71533.56516,,,,91472.37442724718,67753.56,45921.496,1378.53524,,9081.841,30564.5084,3002.5764799999997,,,,,,,,,,,,,,,,28800.,,,,,,,,,,,,,,,,,,,,,,,,,244,,,17.1,,174.5,290,,,,214.3,51.4,105.6,23,,,,,6.1,1011,23.1,254.1,56.4,,,,,,,,,,,,,356.2,32.4,71.5,,34.6,,,,,,,,,,,,,,,,,,,,,2.6,,4.4,,,,,,,,,,,,,,,,,,,,,,,,,,210368,
[8295],INTRAPLATE VOLCANICS,ARABIAN-NUBIAN SHIELD - CENOZOIC / JORDAN / HARRAT ASH SHAAM (SHAMAH) VOLCANIC FIELD,,31.8167,31.8167,37.53,37.53,SUBAERIAL,,,s JS034 [8295],"BASALT, ALKALINE [8295]",,,,CENOZOIC [8295],,,,,VOLCANIC ROCK,,,,,WHOLE_ROCK [8295] ,222204.57595,12124.6482,,74137.48008,,,,88114.63147574881,65523.695999999996,57258.647999999994,1254.62196,,8243.3895,25816.6236,1470.7387700000002,,,,,,,,,,,,,,,,10700.,,,,,,,,,,,,,,,,,,,,,,,,,167.9,,,17.2,,177.3,279.4,,,,277.7,72.6,93.5,21.3,,,,,12.4,492.6,18,150.9,24.5,,,,,,,,,,,,,184.8,14.7,35.9,,18.5,,,,,,,,,,,,,,,,,,,,,1.6,,1.8,,0.512905,,,0.70334,,18.833,,15.589,,38.659,,,,,,,,,,,,,,,210369,
[8295],INTRAPLATE VOLCANICS,ARABIAN-NUBIAN SHIELD - CENOZOIC / JORDAN / HARRAT ASH SHAAM (SHAMAH) VOLCANIC FIELD,,31.5,32.5,36,38,SUBAERIAL,,,s JS036 [8295],"BASALT, ALKALINE [8295]",,,,CENOZOIC [8295],,,,,VOLCANIC ROCK,,,,,WHOLE_ROCK [8295] ,211575.10405,11585.242199999999,,71956.96596,,,,83371.39481508147,83791.428,47362.7616,1215.89906,,7861.5205,24629.6524,1470.7387700000002,,,,,,,,,,,,,,,,35600.,,,,,,,,,,,,,,,,,,,,,,,,,386.9,,,16.9,,168.6,256,,,,248.2,62,89.7,20.4,,,,,11.4,499.4,17.9,142.9,22.9,,,,,,,,,,,,,217.1,13.8,36.3,,17.3,,,,,,,,,,,,,,,,,,,,,1.6,,1.8,,,,,,,,,,,,,,,,,,,,,,,,,,210370,
[8295],INTRAPLATE VOLCANICS,ARABIAN-NUBIAN SHIELD - CENOZOIC / JORDAN / HARRAT ASH SHAAM (SHAMAH) VOLCANIC FIELD,,31.5,32.5,36,38,SUBAERIAL,,,s JS037 [8295],"BASALT, ALKALINE [8295]",,,,CENOZOIC [8295],,,,,VOLCANIC ROCK,,,,,WHOLE_ROCK [8295] ,204661.7404,14977.5066,,71644.70787000001,,,,97293.05254656712,70262.15699999999,59652.716799999995,1517.93768,,11456.07,30119.394199999995,3146.59541,,,,,,,,,,,,,,,,10900.,,,,,,,,,,,,,,,,,,,,,,,,,217.2,,,19.7,,206.4,275.1,,,,217.5,73.8,118.3,20.9,,,,,17.9,826.2,22.8,248.8,52.6,,,,,,,,,,,,,276.3,37.4,84.2,,38.6,,,,,,,,,,,,,,,,,,,,,2.9,,4.5,,,,,,,,,,,,,,,,,,,,,,,,,,210371,
[8295],INTRAPLATE VOLCANICS,ARABIAN-NUBIAN SHIELD - CENOZOIC / JORDAN / HARRAT ASH SHAAM (SHAMAH) VOLCANIC FIELD,,31.5,32.5,36,38,SUBAERIAL,,,s JS038 [8295],"BASALT, ALKALINE [8295]",,,,CENOZOIC [8295],,,,,VOLCANIC ROCK,,,,,WHOLE_ROCK [8295] ,211785.4498,15624.7938,,73973.41227,,,,90834.34912894771,69711.838,52434.328,1293.3448600000002,,12726.199499999999,28487.3088,2304.30288,,,,,,,,,,,,,,,,17800.,,,,,,,,,,,,,,,,,,,,,,,,,565.8,,,17.4,,197.6,324.5,,,,235.5,68.3,100.5,24.2,,,,,22.7,690.5,20.4,206.2,37,,,,,,,,,,,,,319.1,24.2,59.8,,30.7,,,,,,,,,,,,,,,,,,,,,3.2,,2.3,,,,,,,,,,,,,,,,,,,,,,,,,,210372,
[8295],INTRAPLATE VOLCANICS,ARABIAN-NUBIAN SHIELD - CENOZOIC / JORDAN / HARRAT ASH SHAAM (SHAMAH) VOLCANIC FIELD,,31.5,32.5,36,38,SUBAERIAL,,,s JS039 [8295],"BASALT, ALKALINE [8295]",,,,CENOZOIC [8295],,,,,VOLCANIC ROCK,,,,,WHOLE_ROCK [8295] ,204446.72030000002,14845.651799999998,,71544.15018000001,,,,98115.83785116523,69297.31199999999,60466.820799999994,1517.93768,,11331.5475,30564.5084,3142.2311999999997,,,,,,,,,,,,,,,,10600.,,,,,,,,,,,,,,,,,,,,,,,,,378.5,,,18.7,,208.2,288.5,,,,232.8,72,122.7,20.7,,,,,16.3,850.1,23.4,250.9,52.7,,,,,,,,,,,,,303,37.4,85.4,,37.7,,,,,,,,,,,,,,,,,,,,,2.8,,3.9,,,,,,,,,,,,,,,,,,,,,,,,,,210373,
[8295],INTRAPLATE VOLCANICS,ARABIAN-NUBIAN SHIELD - CENOZOIC / JORDAN / HARRAT ASH SHAAM (SHAMAH) VOLCANIC FIELD,,31.5,32.5,36,38,SUBAERIAL,,,s JS040 [8295],"BASALT, ALKALINE [8295]",,,,CENOZOIC [8295],,,,,VOLCANIC ROCK,,,,,WHOLE_ROCK [8295] ,220470.3921,10872.0276,,85997.99498999999,,,,77493.39667866462,81397.18299999999,38136.249599999996,1169.43158,,4881.282,24481.281,986.31146,,,,,,,,,,,,,,,,16700.,,,,,,,,,,,,,,,,,,,,,,,,,309.2,,,22.5,,208.8,184.9,,,,76.9,44.6,82.8,20.5,,,,,6.1,428.5,18.5,112.8,10.2,,,,,,,,,,,,,126.7,8,25.1,,14.5,,,,,,,,,,,,,,,,,,,,,2,,1.4,,,,,,,,,,,,,,,,,,,,,,,,,,210374,
[8295],INTRAPLATE VOLCANICS,ARABIAN-NUBIAN SHIELD - CENOZOIC / JORDAN / HARRAT ASH SHAAM (SHAMAH) VOLCANIC FIELD,,32.03,32.03,36.5067,36.5067,SUBAERIAL,,,s JS041 [8295],"BASALT, ALKALINE [8295]",,,,CENOZOIC [8295],,,,,VOLCANIC ROCK,,,,,WHOLE_ROCK [8295] ,213898.256,14174.391,,78524.97087,,,,86552.83412399907,74078.655,52054.4128,1277.8557,,7778.5055,22700.8242,1706.4061100000001,,,,,,,,,,,,,,,,16500.,,,,,,,,,,,,,,,,,,,,,,,,,85,,,21.6,,202.4,261.1,,,,150.4,48.6,88.4,20,,,,,12.5,621.7,20.4,145.1,32.5,,,,,,,,,,,,,229.8,18.5,45.6,,23.2,,,,,,,,,,,,,,,,,,,,,1.7,,2.7,,,,,,,19.116,,15.634,,38.992,,,,,,,,,,,,,,,210375,
[8295],INTRAPLATE VOLCANICS,ARABIAN-NUBIAN SHIELD - CENOZOIC / JORDAN / HARRAT ASH SHAAM (SHAMAH) VOLCANIC FIELD,,32.0767,32.0767,35.5767,35.5767,SUBAERIAL,,,s JS042 [8295],"BASALT, ALKALINE [8295]",,,,CENOZOIC [8295],,,,,VOLCANIC ROCK,,,,,WHOLE_ROCK [8295] ,223461.9761,11549.281799999999,,77371.20369,,,,86095.58895527726,65638.048,58947.159999999996,1231.38822,,7313.6215,24036.1668,1191.4293300000002,,,,,,,,,,,,,,,,8500.,,,,,,,,,,,,,,,,,,,,,,,,,161.7,,,18.7,,175.1,286.6,,,,222.9,65,91.9,20.1,,,,,12.6,415.2,19.8,124.2,21.7,,,,,,,,,,,,,199.1,14,35.8,,18,,,,,,,,,,,,,,,,,,,,,1.1,,1.9,,0.512864,,,0.70363,,,,,,,,,,,,,,,,,,,,,210376,
[8295],INTRAPLATE VOLCANICS,ARABIAN-NUBIAN SHIELD - CENOZOIC / JORDAN / HARRAT ASH SHAAM (SHAMAH) VOLCANIC FIELD,,31.5,32.5,36,38,SUBAERIAL,,,s JS043 [8295],"BASALT, ALKALINE [8295]",,,,CENOZOIC [8295],,,,,VOLCANIC ROCK,,,,,WHOLE_ROCK [8295] ,218853.067,15319.1304,,81954.51735,,,,89771.0995329795,72227.582,42230.8912,1231.38822,,7097.7825,25074.7666,1571.1155999999999,,,,,,,,,,,,,,,,12200.,,,,,,,,,,,,,,,,,,,,,,,,,169.6,,,20.7,,194.3,226.6,,,,112.7,46,95.7,20.7,,,,,9.4,552.4,21.1,146.6,24.7,,,,,,,,,,,,,189.9,14.5,37.1,,20,,,,,,,,,,,,,,,,,,,,,1.9,,1.6,,,,,,,,,,,,,,,,,,,,,,,,,,210377,
[8295],INTRAPLATE VOLCANICS,ARABIAN-NUBIAN SHIELD - CENOZOIC / JORDAN / HARRAT ASH SHAAM (SHAMAH) VOLCANIC FIELD,,32.285,32.285,36.385,36.385,SUBAERIAL,,,s JS044 [8295],"BASALT, ALKALINE [8295]",,,,CENOZOIC [8295],,,,,VOLCANIC ROCK,,,,,WHOLE_ROCK [8295] ,212402.464,11525.3082,,79435.28259,,,,83827.38796634591,74979.177,60484.91199999999,1285.60028,,6674.406,22700.8242,1326.71984,,,,,,,,,,,,,,,,11000.,,,,,,,,,,,,,,,,,,,,,,,,,69.9,,,24.4,,206.6,394.2,,,,273.4,82.5,83.3,18.9,,,,,10.7,464.4,20.2,133.6,24.8,,,,,,,,,,,,,198.4,14.48,30.98,,16.83,3.95,1.41,4.156,,3.695,,1.905,,1.555,0.223,,,,,,,,,,,1.8,,1.2,,0.512943,,,0.70331,,19.237,,15.605,,38.967,,,,,,,,,,,,,,,210378,
[8295],INTRAPLATE VOLCANICS,ARABIAN-NUBIAN SHIELD - CENOZOIC / JORDAN / HARRAT ASH SHAAM (SHAMAH) VOLCANIC FIELD,,31.5,32.5,36,38,SUBAERIAL,,,s JS045 [8295],"BASALT, ALKALINE [8295]",,,,CENOZOIC [8295],,,,,VOLCANIC ROCK,,,,,WHOLE_ROCK [8295] ,221185.56765000004,15181.282199999998,,85098.26829,,,,83859.59768919257,72999.458,40620.774399999995,1262.36654,,8724.8765,25668.2522,1702.0419000000002,,,,,,,,,,,,,,,,7400.,,,,,,,,,,,,,,,,,,,,,,,,,127.7,,,24.2,,229.5,177.2,,,,63.9,44.8,90,22.4,,,,,12.9,601.1,21.5,181.7,33.7,,,,,,,,,,,,,287.4,18.3,47,,24.4,,,,,,,,,,,,,,,,,,,,,2.8,,1.7,,,,,,,,,,,,,,,,,,,,,,,,,,210379,
[8295],INTRAPLATE VOLCANICS,ARABIAN-NUBIAN SHIELD - CENOZOIC / JORDAN / HARRAT ASH SHAAM (SHAMAH) VOLCANIC FIELD,,31.5,32.5,36,38,SUBAERIAL,,,s JS046 [8295],"BASALT, ALKALINE [8295]",,,,CENOZOIC [8295],,,,,VOLCANIC ROCK,,,,,WHOLE_ROCK [8295] ,219362.57115000003,12082.694399999998,,84060.93633,,,,87086.99093494125,76044.08,45228.,1332.06776,,5802.7485,22478.267099999997,1339.81247,,,,,,,,,,,,,,,,10900.,,,,,,,,,,,,,,,,,,,,,,,,,33,,,23.7,,201.3,241.1,,,,100,56.5,89.7,20.2,,,,,7.8,379.4,22.8,130.2,17.4,,,,,,,,,,,,,213.4,11.8,33.6,,18.4,,,,,,,,,,,,,,,,,,,,,1.9,,1.7,,,,,,,,,,,,,,,,,,,,,,,,,,210380,
[8295],INTRAPLATE VOLCANICS,ARABIAN-NUBIAN SHIELD - CENOZOIC / JORDAN / HARRAT ASH SHAAM (SHAMAH) VOLCANIC FIELD,,31.5,32.5,36,38,SUBAERIAL,,,s JS048 [8295],"BASALT, ALKALINE [8295]",,,,CENOZOIC [8295],,,,,VOLCANIC ROCK,,,,,WHOLE_ROCK [8295] ,221092.08065000002,13563.064199999999,,88130.87652,,,,83736.38238459447,72620.667,35356.2352,1324.32318,,8675.0675,27819.637499999997,1937.7092400000001,,,,,,,,,,,,,,,,8700.,,,,,,,,,,,,,,,,,,,,,,,,,256.7,,,23.2,,199.4,69.7,,,,42.5,39,82.4,22.3,,,,,14.1,586.5,24.5,193.2,40.1,,,,,,,,,,,,,286.3,23.1,49,,22.6,,,,,,,,,,,,,,,,,,,,,1.7,,1.8,,,,,,,,,,,,,,,,,,,,,,,,,,210381,
[8295],INTRAPLATE VOLCANICS,ARABIAN-NUBIAN SHIELD - CENOZOIC / JORDAN / HARRAT ASH SHAAM (SHAMAH) VOLCANIC FIELD,,32.1783,32.1783,37.09,37.09,SUBAERIAL,,,s JS049 [8295],"BASALT, ALKALINE [8295]",,,,CENOZOIC [8295],,,,,VOLCANIC ROCK,,,,,WHOLE_ROCK [8295] ,212159.3978,10943.9484,,68781.45996000001,,,,95207.73703500409,68075.175,72738.68479999999,1378.53524,,4333.383,19955.953299999997,973.21883,,,,,,,,,,,,,,,,15000.,,,,,,,,,,,,,,,,,,,,,,,,,118,,,22.4,,189.2,412.5,,,,271.6,59.2,97.5,17.4,,,,,4.6,328.4,17.7,105.2,11.9,,,,,,,,,,,,,147.6,9.1,25.2,,14.7,,,,,,,,,,,,,,,,,,,,,0.9,,0.6,,,,,0.70331,,18.928,,15.621,,38.754,,,,,,,,,,,,,,,210382,
[8295],INTRAPLATE VOLCANICS,ARABIAN-NUBIAN SHIELD - CENOZOIC / JORDAN / HARRAT ASH SHAAM (SHAMAH) VOLCANIC FIELD,,32.1783,32.1783,37.09,37.09,SUBAERIAL,,,s JS050 [8295],"BASALT, ALKALINE [8295]",,,,CENOZOIC [8295],,,,,VOLCANIC ROCK,,,,,WHOLE_ROCK [8295] ,215796.0421,11950.8396,,80996.57304,,,,81224.87733285305,77466.333,50806.12,1246.8773800000001,,7214.0035,23294.3098,1488.1956100000002,,,,,,,,,,,,,,,,16100.000000000002,,,,,,,,,,,,,,,,,,,,,,,,,639.1,,,23.7,,202.8,287,,,,143.5,54.8,86.3,20.2,,,,,12.1,540.3,19.6,144.9,27.9,,,,,,,,,,,,,428.9,18.3,41.5,,21.2,,,,,,,,,,,,,,,,,,,,,1.1,,1.5,,0.512883,,,0.70351,,19.082,,15.641,,38.85,,,,,,,,,,,,,,,210383,
[8295],INTRAPLATE VOLCANICS,ARABIAN-NUBIAN SHIELD - CENOZOIC / JORDAN / HARRAT ASH SHAAM (SHAMAH) VOLCANIC FIELD,,31.5,32.5,36,38,SUBAERIAL,,,s JS051 [8295],"BASALT, ALKALINE [8295]",,,,CENOZOIC [8295],,,,,VOLCANIC ROCK,,,,,WHOLE_ROCK [8295] ,214188.06570000004,12759.9486,,82843.65903000001,,,,83098.02134977058,80103.576,47199.9408,1270.11112,,7081.1795,23294.3098,1357.26931,,,,,,,,,,,,,,,,16600.,,,,,,,,,,,,,,,,,,,,,,,,,61,,,25.2,,213.3,233.7,,,,114.3,57,78.8,19.7,,,,,10,458.7,21.1,139.9,20,,,,,,,,,,,,,165.4,13.1,32.9,,19.1,,,,,,,,,,,,,,,,,,,,,0.6,,0.9,,,,,,,,,,,,,,,,,,,,,,,,,,210384,
[8295],INTRAPLATE VOLCANICS,ARABIAN-NUBIAN SHIELD - CENOZOIC / JORDAN / HARRAT ASH SHAAM (SHAMAH) VOLCANIC FIELD,,31.5,32.5,36,38,SUBAERIAL,,,s JS052 [8295],"BASALT, ALKALINE [8295]",,,,CENOZOIC [8295],,,,,VOLCANIC ROCK,,,,,WHOLE_ROCK [8295] ,213098.94215000002,11537.295,,78329.148,,,,88642.4932268512,71984.58399999999,61148.256,1332.06776,,6134.8085,20623.6246,1261.25669,,,,,,,,,,,,,,,,13300.,,,,,,,,,,,,,,,,,,,,,,,,,4.2,,,25,,204.6,316.2,,,,232.1,65.6,85,18.6,,,,,9.3,440.6,19.4,128,18.8,,,,,,,,,,,,,196.8,11.8,32.5,,17.8,,,,,,,,,,,,,,,,,,,,,1.2,,1.3,,,,,,,,,,,,,,,,,,,,,,,,,,210385,
[8295],INTRAPLATE VOLCANICS,ARABIAN-NUBIAN SHIELD - CENOZOIC / JORDAN / HARRAT ASH SHAAM (SHAMAH) VOLCANIC FIELD,,31.5,32.5,36,38,SUBAERIAL,,,s JS053 [8295],"BASALT, ALKALINE [8295]",,,,CENOZOIC [8295],,,,,VOLCANIC ROCK,,,,,WHOLE_ROCK [8295] ,208826.58625,12957.7308,,77646.41421,,,,86786.37384954572,73728.452,58024.508799999996,1332.06776,,9388.9965,23739.424,1680.2208500000002,,,,,,,,,,,,,,,,16400.,,,,,,,,,,,,,,,,,,,,,,,,,369.7,,,24,,223.2,256.9,,,,206.3,66.2,84.4,18.5,,,,,16.4,514.2,21.1,162.3,28.2,,,,,,,,,,,,,214.1,16.4,39.9,,21.2,,,,,,,,,,,,,,,,,,,,,1,,2.4,,,,,,,,,,,,,,,,,,,,,,,,,,210386,
[8295],INTRAPLATE VOLCANICS,ARABIAN-NUBIAN SHIELD - CENOZOIC / JORDAN / HARRAT ASH SHAAM (SHAMAH) VOLCANIC FIELD,,31.5,32.5,36,38,SUBAERIAL,,,s JS054 [8295],"BASALT, ALKALINE [8295]",,,,CENOZOIC [8295],,,,,VOLCANIC ROCK,,,,,WHOLE_ROCK [8295] ,216562.6355,13826.773799999999,,82176.80277,,,,86573.30705750023,75179.293,47417.0352,1277.8557,,7371.732,25223.138,1675.85664,,,,,,,,,,,,,,,,12100.,,,,,,,,,,,,,,,,,,,,,,,,,124,,,22,,209.5,222.8,,,,113.2,50,87.6,19.8,,,,,10.3,568.9,21,139.5,31.4,,,,,,,,,,,,,231.6,17.2,41.5,,22.2,,,,,,,,,,,,,,,,,,,,,1.5,,2,,,,,,,,,,,,,,,,,,,,,,,,,,210387,
[8295],INTRAPLATE VOLCANICS,ARABIAN-NUBIAN SHIELD - CENOZOIC / JORDAN / HARRAT ASH SHAAM (SHAMAH) VOLCANIC FIELD,,31.5,32.5,36,38,SUBAERIAL,,,s JS056 [8295],"BASALT, ALKALINE [8295]",,,,CENOZOIC [8295],,,,,VOLCANIC ROCK,,,,,WHOLE_ROCK [8295] ,216978.65265,11944.8462,,85272.92112,,,,83736.96992351298,77816.536,45812.9488,1262.36654,,5653.3215,24110.3525,1200.15775,,,,,,,,,,,,,,,,12800.,,,,,,,,,,,,,,,,,,,,,,,,,24.3,,,23,,195.5,231.4,,,,104.8,64,78.3,19.8,,,,,8,452.7,20.5,121.5,17,,,,,,,,,,,,,190.7,10.9,29.9,,15.1,,,,,,,,,,,,,,,,,,,,,0.4,,1.6,,,,,,,,,,,,,,,,,,,,,,,,,,210388,
[8295],INTRAPLATE VOLCANICS,ARABIAN-NUBIAN SHIELD - CENOZOIC / JORDAN / HARRAT ASH SHAAM (SHAMAH) VOLCANIC FIELD,,32.3367,32.3367,37.005,37.005,SUBAERIAL,,,s JS058 [8295],"BASALT, ALKALINE [8295]",,,,CENOZOIC [8295],,,,,VOLCANIC ROCK,,,,,WHOLE_ROCK [8295] ,210350.42435000002,13664.951999999997,,75412.97499,,,,91519.48945289303,70605.213,54695.727999999996,1270.11112,,8799.59,25000.5809,1614.7576999999999,,,,,,,,,,,,,,,,19600.,,,,,,,,,,,,,,,,,,,,,,,,,130.2,,,18.4,,174,254.8,,,,235.1,63.8,96.1,21.3,,,,,10.9,554.9,19.5,153.8,28.5,,,,,,,,,,,,,211.6,17.35,37.48,,20.47,4.682,1.62,4.665,,3.883,,1.811,,1.382,0.192,,,,,,,,,,,1.9,,1.6,,0.512892,,,0.70337,,19.186,,15.647,,38.976,,,,,,,,,,,,,,,210389,
[8295],INTRAPLATE VOLCANICS,ARABIAN-NUBIAN SHIELD - CENOZOIC / JORDAN / HARRAT ASH SHAAM (SHAMAH) VOLCANIC FIELD,,32.3633,32.3633,37.002,37.002,SUBAERIAL,,,s JS059 [8295],"BASALT, ALKALINE [8295]",,,,CENOZOIC [8295],,,,,VOLCANIC ROCK,,,,,WHOLE_ROCK [8295] ,226705.975,10782.1266,,77630.53668,,,,84013.46993521079,62714.925,59194.4064,1215.89906,,5395.975,23887.7954,977.58304,,,,,,,,,,,,,,,,5200.,,,,,,,,,,,,,,,,,,,,,,,,,442.6,,,22.8,,185.4,302,,,,232.6,62.6,94.1,18.3,,,,,9.7,350.6,18.9,115.6,14.4,,,,,,,,,,,,,126.8,8.3,27.9,,16.3,,,,,,,,,,,,,,,,,,,,,1.4,,1.6,,0.512869,,,0.70357,,19.182,,15.654,,39.011,,,,,,,,,,,,,,,210390,
[8295],INTRAPLATE VOLCANICS,ARABIAN-NUBIAN SHIELD - CENOZOIC / JORDAN / HARRAT ASH SHAAM (SHAMAH) VOLCANIC FIELD,,31.5,32.5,36,38,SUBAERIAL,,,s JS060 [8295],"BASALT, ALKALINE [8295]",,,,CENOZOIC [8295],,,,,VOLCANIC ROCK,,,,,WHOLE_ROCK [8295] ,211799.47285000002,15331.117199999999,,77858.11461,,,,90499.0392693245,69769.01400000001,49401.0368,1254.62196,,10102.925500000001,28264.7517,2016.26502,,,,,,,,,,,,,,,,12200.,,,,,,,,,,,,,,,,,,,,,,,,,81,,,19.6,,201.7,190.4,,,,179.9,59.3,101.2,22.5,,,,,14.4,662.1,19.4,205.8,34,,,,,,,,,,,,,356.4,21.1,52.3,,25.7,,,,,,,,,,,,,,,,,,,,,1.8,,2.6,,,,,,,,,,,,,,,,,,,,,,,,,,210391,
[8295],INTRAPLATE VOLCANICS,ARABIAN-NUBIAN SHIELD - CENOZOIC / JORDAN / HARRAT ASH SHAAM (SHAMAH) VOLCANIC FIELD,,31.5,32.5,36,38,SUBAERIAL,,,s JS061 [8295],"BASALT, ALKALINE [8295]",,,,CENOZOIC [8295],,,,,VOLCANIC ROCK,,,,,WHOLE_ROCK [8295] ,213206.45220000003,14000.582399999998,,80223.86658,,,,85868.16942679745,71548.617,50046.2896,1316.5786,,9579.930999999999,19139.9106,2199.56184,,,,,,,,,,,,,,,,22599.999999999996,,,,,,,,,,,,,,,,,,,,,,,,,307.6,,,18.3,,197.4,178.8,,,,138.8,74.9,95.5,22.5,,,,,15.3,713.3,20.7,182.1,36.7,,,,,,,,,,,,,237.6,26.7,61.9,,29.3,,,,,,,,,,,,,,,,,,,,,2.9,,3.4,,,,,,,,,,,,,,,,,,,,,,,,,,210392,
[8295],INTRAPLATE VOLCANICS,ARABIAN-NUBIAN SHIELD - CENOZOIC / JORDAN / HARRAT ASH SHAAM (SHAMAH) VOLCANIC FIELD,,31.5,32.5,36,38,SUBAERIAL,,,s JS062 [8295],"BASALT, ALKALINE [8295]",,,,CENOZOIC [8295],,,,,VOLCANIC ROCK,,,,,WHOLE_ROCK [8295] ,191825.9753,16349.9952,,64346.33658,,,,99260.36366417745,76008.345,64036.817599999995,1564.40516,,8326.404499999999,30787.0655,4508.228929999999,,,,,,,,,,,,,,,,26300.,,,,,,,,,,,,,,,,,,,,,,,,,770.4,,,16.1,,194.5,298.4,,,,255.6,60.5,121.5,21.5,,,,,7.4,1169.2,25.6,313.2,75.1,,,,,,,,,,,,,328.6,53.1,118,,52.1,,,,,,,,,,,,,,,,,,,,,2.6,,6.5,,,,,,,,,,,,,,,,,,,,,,,,,,210393,
[8295],INTRAPLATE VOLCANICS,ARABIAN-NUBIAN SHIELD - CENOZOIC / JORDAN / HARRAT ASH SHAAM (SHAMAH) VOLCANIC FIELD,,31.5,32.5,36,38,SUBAERIAL,,,s JS066 [8295],"BASALT, ALKALINE [8295]",,,,CENOZOIC [8295],,,,,VOLCANIC ROCK,,,,,WHOLE_ROCK [8295] ,196397.4896,15924.4638,,68241.62394,,,,101446.763847746,73964.303,59719.0512,1587.6389,,8384.515,34422.1648,4333.66053,,,,,,,,,,,,,,,,15900.,,,,,,,,,,,,,,,,,,,,,,,,,991.9,,,19.2,,216.8,247.2,,,,206.9,69,130.2,23.2,,,,,10.5,1009.3,25.5,285.8,71.4,,,,,,,,,,,,,311.5,49.9,110.6,,49.7,,,,,,,,,,,,,,,,,,,,,4,,6.5,,,,,,,,,,,,,,,,,,,,,,,,,,210394,
[8295],INTRAPLATE VOLCANICS,ARABIAN-NUBIAN SHIELD - CENOZOIC / JORDAN / HARRAT ASH SHAAM (SHAMAH) VOLCANIC FIELD,,32.3433,32.3433,37.6417,37.6417,SUBAERIAL,,,s JS068 [8295],"BASALT, ALKALINE [8295]",,,,CENOZOIC [8295],,,,,VOLCANIC ROCK,,,,,WHOLE_ROCK [8295] ,202432.07545000003,15265.1898,,71840.53074,,,,98629.74555295588,70962.56300000001,57174.2224,1494.70394,,9995.006,31603.1082,3137.86699,,,,,,,,,,,,,,,,10300.,,,,,,,,,,,,,,,,,,,,,,,,,789,,,19.7,,216.9,216.4,,,,203.2,86.2,116.1,23.7,,,,,12.6,761.9,22.7,240.5,53.5,,,,,,,,,,,,,252.8,36.98,75.24,,36.94,7.554,2.47,6.75,,4.956,,2.067,,1.449,0.197,,,,,,,,,,,1.8,,3.4,,0.512934,,,0.7031,,,,,,,,,,,,,,,,,,,,,210395,
[8295],INTRAPLATE VOLCANICS,ARABIAN-NUBIAN SHIELD - CENOZOIC / JORDAN / HARRAT ASH SHAAM (SHAMAH) VOLCANIC FIELD,,32.385,32.385,37.79,37.79,SUBAERIAL,,,s JS069 [8295],"BASALT, ALKALINE [8295]",,,,CENOZOIC [8295],,,,,VOLCANIC ROCK,,,,,WHOLE_ROCK [8295] ,205788.25875,17260.992,,74301.54789,,,,90748.38658957947,69325.9,52452.4192,1293.3448600000002,,11597.1955,19881.7676,2657.80389,,,,,,,,,,,,,,,,27100.,,,,,,,,,,,,,,,,,,,,,,,,,71.5,,,18.9,,210.4,240.2,,,,216,62.1,104.4,24.3,,,,,13.6,1625.5,21.5,232.6,38.9,,,,,,,,,,,,,359.9,29.25,62.94,,32.87,7.049,2.33,6.408,,4.453,,1.817,,1.016,0.137,,,,,,,,,,,2.5,,3,,0.512929,,,0.70337,,19.067,,15.606,,38.884,,,,,,,,,,,,,,,210396,
[8295],INTRAPLATE VOLCANICS,ARABIAN-NUBIAN SHIELD - CENOZOIC / JORDAN / HARRAT ASH SHAAM (SHAMAH) VOLCANIC FIELD,,31.5,32.5,36,38,SUBAERIAL,,,s JS072 [8295],"BASALT, ALKALINE [8295]",,,,CENOZOIC [8295],,,,,VOLCANIC ROCK,,,,,WHOLE_ROCK [8295] ,220596.59955,10542.390599999999,,84563.72478,,,,83650.39186718254,74557.504,46500.4144,1308.83402,,5180.136,22997.567,1086.68829,,,,,,,,,,,,,,,,12900.,,,,,,,,,,,,,,,,,,,,,,,,,27.5,,,25.1,,199.3,222.6,,,,128.9,66.1,79.3,19,,,,,5.6,455.5,20.3,111.2,13.7,,,,,,,,,,,,,178.5,8.5,25.4,,13.6,,,,,,,,,,,,,,,,,,,,,1,,1.2,,,,,,,,,,,,,,,,,,,,,,,,,,210397,
[8295],INTRAPLATE VOLCANICS,ARABIAN-NUBIAN SHIELD - CENOZOIC / JORDAN / HARRAT ASH SHAAM (SHAMAH) VOLCANIC FIELD,,31.9467,31.9467,36.9517,36.9517,SUBAERIAL,,,s JS073 [8295],"BASALT, ALKALINE [8295]",,,,CENOZOIC [8295],,,,,VOLCANIC ROCK,,,,,WHOLE_ROCK [8295] ,231875.80610000002,14360.186399999999,,79043.63685000001,,,,81264.38233060359,68682.67,42845.992,1161.687,,7487.953,25742.4379,1156.51565,,,,,,,,,,,,,,,,4300.,,,,,,,,,,,,,,,,,,,,,,,,,4.5,,,22.6,,202.9,240.1,,,,116.8,50,92.1,21.9,,,,,10.8,507.1,18.3,124.8,21.1,,,,,,,,,,,,,173.5,10.8,29.4,,18.1,,,,,,,,,,,,,,,,,,,,,2.5,,1.4,,0.512895,,,0.70354,,,,,,,,,,,,,,,,,,,,,210398,
[8295],INTRAPLATE VOLCANICS,ARABIAN-NUBIAN SHIELD - CENOZOIC / JORDAN / HARRAT ASH SHAAM (SHAMAH) VOLCANIC FIELD,,31.5,32.5,36,38,SUBAERIAL,,,s JS074 [8295],"BASALT, ALKALINE [8295]",,,,CENOZOIC [8295],,,,,VOLCANIC ROCK,,,,,WHOLE_ROCK [8295] ,217427.39025000003,12909.783599999999,,85389.35634,,,,82174.19334023214,77580.685,45746.6144,1262.36654,,7429.8425,23665.238299999997,1387.81878,,,,,,,,,,,,,,,,11600.,,,,,,,,,,,,,,,,,,,,,,,,,190,,,24.1,,216,207.9,,,,94,56.2,79.8,20.2,,,,,9.2,506.8,21.2,146.5,21.2,,,,,,,,,,,,,291.2,14.6,35,,19,,,,,,,,,,,,,,,,,,,,,1.6,,1.1,,,,,,,,,,,,,,,,,,,,,,,,,,210399,
[8295],INTRAPLATE VOLCANICS,ARABIAN-NUBIAN SHIELD - CENOZOIC / JORDAN / HARRAT ASH SHAAM (SHAMAH) VOLCANIC FIELD,,31.5,32.5,36,38,SUBAERIAL,,,s JS075 [8295],"BASALT, ALKALINE [8295]",,,,CENOZOIC [8295],,,,,VOLCANIC ROCK,,,,,WHOLE_ROCK [8295] ,219175.59715000005,12484.2522,,84584.89482,,,,79957.44397372422,78452.619,44637.0208,1215.89906,,6001.9845,23071.752699999997,1296.17037,,,,,,,,,,,,,,,,13899.999999999998,,,,,,,,,,,,,,,,,,,,,,,,,70.6,,,22.5,,200.8,291.8,,,,112.3,55.2,80.7,19.9,,,,,8.7,560.1,19.6,131.4,21.7,,,,,,,,,,,,,1040,12.7,30.4,,17.8,,,,,,,,,,,,,,,,,,,,,0.7,,1.1,,,,,,,,,,,,,,,,,,,,,,,,,,210400,
[8295],INTRAPLATE VOLCANICS,ARABIAN-NUBIAN SHIELD - CENOZOIC / JORDAN / HARRAT ASH SHAAM (SHAMAH) VOLCANIC FIELD,,32.0517,32.0517,37.2217,37.2217,SUBAERIAL,,,s JS076 [8295],"BASALT, ALKALINE [8295]",,,,CENOZOIC [8295],,,,,VOLCANIC ROCK,,,,,WHOLE_ROCK [8295] ,214463.85235000003,10979.9088,,75000.15921,,,,82042.64057860171,77151.865,56197.2976,1208.15448,,6143.11,23220.124099999997,1169.6082800000001,,,,,,,,,,,,,,,,22900.,,,,,,,,,,,,,,,,,,,,,,,,,225.4,,,18.7,,179.7,355.3,,,,308.6,89.7,89.1,20.7,,,,,9.1,498.4,17.4,125.1,17.2,,,,,,,,,,,,,718.4,10.9,27.5,,15,,,,,,,,,,,,,,,,,,,,,2,,1.8,,0.512904,,,0.70373,,19.041,,15.618,,38.834,,,,,,,,,,,,,,,210401,
[8295],INTRAPLATE VOLCANICS,ARABIAN-NUBIAN SHIELD - CENOZOIC / JORDAN / HARRAT ASH SHAAM (SHAMAH) VOLCANIC FIELD,,31.5,32.5,36,38,SUBAERIAL,,,s JS077 [8295],"BASALT, ALKALINE [8295]",,,,CENOZOIC [8295],,,,,VOLCANIC ROCK,,,,,WHOLE_ROCK [8295] ,208102.06200000003,13706.905799999999,,72877.8627,,,,99810.6428228202,66595.746,53453.4656,1486.95936,,11456.07,35831.6931,3412.8122200000003,,,,,,,,,,,,,,,,8000.,,,,,,,,,,,,,,,,,,,,,,,,,278.4,,,15.4,,179.1,210.8,,,,186.2,63.9,128.7,23.1,,,,,15.5,886,22,224.9,46.5,,,,,,,,,,,,,269.7,38.5,84.7,,39.9,,,,,,,,,,,,,,,,,,,,,2.7,,3.5,,,,,,,,,,,,,,,,,,,,,,,,,,210402,
[8295],INTRAPLATE VOLCANICS,ARABIAN-NUBIAN SHIELD - CENOZOIC / JORDAN / HARRAT ASH SHAAM (SHAMAH) VOLCANIC FIELD,,32.26,32.26,37.6,37.6,SUBAERIAL,,,s JS078 [8295],"BASALT, ALKALINE [8295]",,,,CENOZOIC [8295],,,,,VOLCANIC ROCK,,,,,WHOLE_ROCK [8295] ,194373.49605000002,15433.005000000001,,60895.62006,,,,100458.97103572414,59420.158,73619.1232,1494.70394,,16578.0955,38279.8212,4634.791020000001,,,,,,,,,,,,,,,,11800.,,,,,,,,,,,,,,,,,,,,,,,,,627.4,,,11.8,,168.1,446.3,,,,428.8,39.1,150.5,23.5,,,,,19.3,1239.8,20,335,64.7,,,,,,,,,,,,,299.8,55,113.24,,53.03,10.127,3.23,8.708,,4.753,,1.463,,0.779,0.096,,,,,,,,,,,4,,6.2,,0.51297,,,0.70312,,18.978,,15.563,,38.663,,,,,,,,,,,,,,,210403,
[8295],INTRAPLATE VOLCANICS,ARABIAN-NUBIAN SHIELD - CENOZOIC / JORDAN / HARRAT ASH SHAAM (SHAMAH) VOLCANIC FIELD,,31.5,32.5,36,38,SUBAERIAL,,,s JS079 [8295],"BASALT, ALKALINE [8295]",,,,CENOZOIC [8295],,,,,VOLCANIC ROCK,,,,,WHOLE_ROCK [8295] ,206568.8752,14827.6716,,75709.35555000001,,,,89991.6084846573,75658.142,51963.9568,1324.32318,,10642.523000000001,28116.3803,2430.86497,,,,,,,,,,,,,,,,17900.,,,,,,,,,,,,,,,,,,,,,,,,,118,,,17.3,,190.3,329.7,,,,207.7,70.1,97.6,21.4,,,,,18.6,675.2,21.4,192.4,40.6,,,,,,,,,,,,,291.1,25,58.8,,30.1,,,,,,,,,,,,,,,,,,,,,1.6,,2.5,,,,,,,,,,,,,,,,,,,,,,,,,,210404,
[8295],INTRAPLATE VOLCANICS,ARABIAN-NUBIAN SHIELD - CENOZOIC / JORDAN / HARRAT ASH SHAAM (SHAMAH) VOLCANIC FIELD,,32.2367,32.2367,37.5433,37.5433,SUBAERIAL,,,s JS080 [8295],"BASALT, ALKALINE [8295]",,,,CENOZOIC [8295],,,,,VOLCANIC ROCK,,,,,WHOLE_ROCK [8295] ,203165.94840000002,18291.856799999998,,73280.09346,,,,97970.28907315788,67610.62000000001,46813.9952,1308.83402,,14527.625,33680.3078,2806.18703,,,,,,,,,,,,,,,,18400.,,,,,,,,,,,,,,,,,,,,,,,,,799.5,,,16,,190.2,178,,,,186.5,57.2,118.3,25.8,,,,,17.3,881.7,20.8,276.2,44.9,,,,,,,,,,,,,831.5,30.1,72.6,,35.7,,,,,,,,,,,,,,,,,,,,,1.6,,2.3,,0.512934,,,0.70339,,19.014,,15.586,,38.829,,,,,,,,,,,,,,,210405,
[8295],INTRAPLATE VOLCANICS,ARABIAN-NUBIAN SHIELD - CENOZOIC / JORDAN / HARRAT ASH SHAAM (SHAMAH) VOLCANIC FIELD,,32.2367,32.2367,37.5417,37.5417,SUBAERIAL,,,s JS082 [8295],"BASALT, ALKALINE [8295]",,,,CENOZOIC [8295],,,,,VOLCANIC ROCK,,,,,WHOLE_ROCK [8295] ,219811.30875,10848.054,,76106.29380000001,,,,85986.95720597536,68861.345,57053.6144,1277.8557,,6524.979,24703.8381,1527.4734999999998,,,,,,,,,,,,,,,,13000.,,,,,,,,,,,,,,,,,,,,,,,,,119.2,,,18.7,,174.8,287.5,,,,221.2,70.5,92.8,20.3,,,,,8.6,674.5,18.5,125.3,22.5,,,,,,,,,,,,,2493.2,15.7,37,,19.3,,,,,,,,,,,,,,,,,,,,,0.1,,1.7,,0.512899,,,0.70415,,18.995,,15.588,,38.789,,,,,,,,,,,,,,,210406,
[8295],INTRAPLATE VOLCANICS,ARABIAN-NUBIAN SHIELD - CENOZOIC / JORDAN / HARRAT ASH SHAAM (SHAMAH) VOLCANIC FIELD,,32.2367,32.2367,37.5417,37.5417,SUBAERIAL,,,s JS083 [8295],"BASALT, ALKALINE [8295]",,,,CENOZOIC [8295],,,,,VOLCANIC ROCK,,,,,WHOLE_ROCK [8295] ,215744.62425000002,11249.611799999999,,76079.83125,,,,82526.99647169963,70869.652,54653.5152,1215.89906,,7288.717,19214.096299999997,1501.2882399999999,,,,,,,,,,,,,,,,29900.000000000004,,,,,,,,,,,,,,,,,,,,,,,,,-20.4,,,19.2,,179.3,268.1,,,,222.5,66.4,91,19,,,,,9,1431,18.5,130.1,22.8,,,,,,,,,,,,,147.3,15.7,38.2,,19,,,,,,,,,,,,,,,,,,,,,2.1,,2.1,,0.51296,,,0.70331,,,,,,,,,,,,,,,,,,,,,210407,
[8295],INTRAPLATE VOLCANICS,ARABIAN-NUBIAN SHIELD - CENOZOIC / JORDAN / HARRAT ASH SHAAM (SHAMAH) VOLCANIC FIELD,,31.5,32.5,36,38,SUBAERIAL,,,s JS084 [8295],"BASALT, ALKALINE [8295]",,,,CENOZOIC [8295],,,,,VOLCANIC ROCK,,,,,WHOLE_ROCK [8295] ,235858.3523,10308.648,,71443.59249000001,,,,75921.13553855849,72399.11,41181.601599999995,1068.75204,,4590.7295,22181.5243,942.66936,,,,,,,,,,,,,,,,26100.,,,,,,,,,,,,,,,,,,,,,,,,,418.8,,,19.3,,152.1,258.9,,,,207.8,63,95.7,18.4,,,,,10.4,462,18.6,107.8,12.7,,,,,,,,,,,,,294.1,8.9,24.3,,15.3,,,,,,,,,,,,,,,,,,,,,1,,0.1,,,,,,,,,,,,,,,,,,,,,,,,,,210408,
[8295],INTRAPLATE VOLCANICS,ARABIAN-NUBIAN SHIELD - CENOZOIC / JORDAN / HARRAT ASH SHAAM (SHAMAH) VOLCANIC FIELD,,31.5,32.5,36,38,SUBAERIAL,,,s JS085 [8295],"BASALT, ALKALINE [8295]",,,,CENOZOIC [8295],,,,,VOLCANIC ROCK,,,,,WHOLE_ROCK [8295] ,236681.03790000002,10662.2586,,71702.92548,,,,85183.65161432585,65116.317,44649.0816,1192.66532,,4258.6695,22923.381299999997,990.6756700000001,,,,,,,,,,,,,,,,19400.,,,,,,,,,,,,,,,,,,,,,,,,,194.3,,,18.9,,158.8,264.4,,,,248.8,76.2,109.4,20.8,,,,,8.6,399,20.1,117.8,13.4,,,,,,,,,,,,,376.9,10.2,29.8,,14.6,,,,,,,,,,,,,,,,,,,,,1.1,,1,,,,,,,,,,,,,,,,,,,,,,,,,,210409,
[8295],INTRAPLATE VOLCANICS,ARABIAN-NUBIAN SHIELD - CENOZOIC / JORDAN / HARRAT ASH SHAAM (SHAMAH) VOLCANIC FIELD,,31.5,32.5,36,38,SUBAERIAL,,,s JS088 [8295],"BASALT, ALKALINE [8295]",,,,CENOZOIC [8295],,,,,VOLCANIC ROCK,,,,,WHOLE_ROCK [8295] ,219647.70650000003,10500.4368,,82293.23799,,,,79659.96042922711,82948.082,40078.0384,1231.38822,,5927.271,23591.0526,1169.6082800000001,,,,,,,,,,,,,,,,23100.,,,,,,,,,,,,,,,,,,,,,,,,,549.4,,,21.1,,199.8,249.9,,,,129.5,69.8,84.1,20.2,,,,,6.7,739.9,19.1,119.9,16.1,,,,,,,,,,,,,1137.7,10.3,29.2,,14.6,,,,,,,,,,,,,,,,,,,,,0.4,,1.1,,,,,,,,,,,,,,,,,,,,,,,,,,210410,
[8295],INTRAPLATE VOLCANICS,ARABIAN-NUBIAN SHIELD - CENOZOIC / JORDAN / HARRAT ASH SHAAM (SHAMAH) VOLCANIC FIELD,,31.9383,31.9383,37.7167,37.7167,SUBAERIAL,,,s JS090 [8295],"BASALT, ALKALINE [8295]",,,,CENOZOIC [8295],,,,,VOLCANIC ROCK,,,,,WHOLE_ROCK [8295] ,206900.75405000002,20539.3818,,77265.35349000001,,,,91486.33547106967,65173.492999999995,46512.4752,1308.83402,,17524.466500000002,33531.9364,3020.03332,,,,,,,,,,,,,,,,12300.,,,,,,,,,,,,,,,,,,,,,,,,,477.9,,,16,,221.2,181,,,,150.9,55.7,96.9,25.1,,,,,27.7,849.8,22.4,288.6,54,,,,,,,,,,,,,379,31.2,70.46,,35.02,7.306,2.38,6.645,,4.69,,1.914,,1.335,0.179,,,,,,,,,,,3.2,,3.4,,0.51295,,,0.70321,,,,,,,,,,,,,,,,,,,,,210411,
[8295],INTRAPLATE VOLCANICS,ARABIAN-NUBIAN SHIELD - CENOZOIC / JORDAN / HARRAT ASH SHAAM (SHAMAH) VOLCANIC FIELD,,31.5,32.5,36,38,SUBAERIAL,,,s JS095 [8295],"BASALT, ALKALINE [8295]",,,,CENOZOIC [8295],,,,,VOLCANIC ROCK,,,,,WHOLE_ROCK [8295] ,216352.28975,14000.582399999998,,75217.15212,,,,84290.66939800268,62664.89600000001,43907.342399999994,1277.8557,,14892.891,31232.179699999997,2230.1113100000002,,,,,,,,,,,,,,,,24600.,,,,,,,,,,,,,,,,,,,,,,,,,255.8,,,16.9,,178.9,411.7,,,,235,52.6,106,24.9,,,,,25.5,1727.9,20.3,249,42.9,,,,,,,,,,,,,315.1,27.3,60.5,,28.9,,,,,,,,,,,,,,,,,,,,,0.5,,3.6,,,,,,,,,,,,,,,,,,,,,,,,,,210412,
[8295],INTRAPLATE VOLCANICS,ARABIAN-NUBIAN SHIELD - CENOZOIC / JORDAN / HARRAT ASH SHAAM (SHAMAH) VOLCANIC FIELD,,31.8167,31.8167,37.5317,37.5317,SUBAERIAL,,,s JS096 [8295],"BASALT, ALKALINE [8295]",,,,CENOZOIC [8295],,,,,VOLCANIC ROCK,,,,,WHOLE_ROCK [8295] ,221166.87025,12154.6152,,73592.35155,,,,88086.53452533088,64244.38300000001,59296.9232,1254.62196,,8401.118,24926.3952,1492.5598200000002,,,,,,,,,,,,,,,,11700.,,,,,,,,,,,,,,,,,,,,,,,,,571.1,,,17.1,,177.1,283.8,,,,284.7,72.3,95.8,20.1,,,,,12.1,510,18.2,151.4,25.4,,,,,,,,,,,,,227.9,16.15,34.65,,18.38,4.205,1.46,3.561,,3.473,,1.642,,1.271,0.178,,,,,,,,,,,0.9,,1.9,,0.512892,,,0.70344,,18.836,,15.583,,38.652,,,,,,,,,,,,,,,210413,
[8295],INTRAPLATE VOLCANICS,ARABIAN-NUBIAN SHIELD - CENOZOIC / JORDAN / HARRAT ASH SHAAM (SHAMAH) VOLCANIC FIELD,,31.5,32.5,36,38,SUBAERIAL,,,s JS097 [8295],"BASALT, ALKALINE [8295]",,,,CENOZOIC [8295],,,,,VOLCANIC ROCK,,,,,WHOLE_ROCK [8295] ,214641.47765000002,14402.1402,,75788.74320000001,,,,87021.74613695676,70562.33099999999,53170.036799999994,1239.1328,,9646.342999999999,26929.409099999997,1784.9618899999998,,,,,,,,,,,,,,,,15000.,,,,,,,,,,,,,,,,,,,,,,,,,289.9,,,19.6,,186.9,275.5,,,,196,91.3,91,20.9,,,,,14.3,550.2,19.3,167.1,32.1,,,,,,,,,,,,,388.8,16.8,41.3,,21.1,,,,,,,,,,,,,,,,,,,,,1.4,,2,,,,,,,,,,,,,,,,,,,,,,,,,,210414,
[8295],INTRAPLATE VOLCANICS,ARABIAN-NUBIAN SHIELD - CENOZOIC / JORDAN / HARRAT ASH SHAAM (SHAMAH) VOLCANIC FIELD,,31.5,32.5,36,38,SUBAERIAL,,,s JS098 [8295],"BASALT, ALKALINE [8295]",,,,CENOZOIC [8295],,,,,VOLCANIC ROCK,,,,,WHOLE_ROCK [8295] ,212477.25360000003,14929.5594,,75693.47802,,,,87850.0081436158,73085.22200000001,45843.1008,1223.64364,,6226.125,28709.8659,1819.87557,,,,,,,,,,,,,,,,23400.,,,,,,,,,,,,,,,,,,,,,,,,,-42.7,,,20,,238.6,291,,,,205.9,73.8,99.3,20.9,,,,,3,548.6,19.4,171.2,33.4,,,,,,,,,,,,,215.5,15.2,41.8,,21.5,,,,,,,,,,,,,,,,,,,,,2,,2.2,,,,,,,,,,,,,,,,,,,,,,,,,,210415,
[8295],INTRAPLATE VOLCANICS,ARABIAN-NUBIAN SHIELD - CENOZOIC / JORDAN / HARRAT ASH SHAAM (SHAMAH) VOLCANIC FIELD,,31.5,32.5,36,38,SUBAERIAL,,,s JS099 [8295],"BASALT, ALKALINE [8295]",,,,CENOZOIC [8295],,,,,VOLCANIC ROCK,,,,,WHOLE_ROCK [8295] ,202235.75275,16086.2856,,71485.93257,,,,95135.96635831945,69847.631,53489.647999999994,1386.27982,,13448.43,33902.8649,3482.63958,,,,,,,,,,,,,,,,13000.,,,,,,,,,,,,,,,,,,,,,,,,,427.8,,,15.9,,222.4,200.2,,,,199,42.8,120.2,23.8,,,,,17.6,1060.6,20.5,235.3,53.4,,,,,,,,,,,,,368,38.1,88,,41.2,,,,,,,,,,,,,,,,,,,,,3.8,,4.5,,,,,,,,,,,,,,,,,,,,,,,,,,210416,
[8295],INTRAPLATE VOLCANICS,ARABIAN-NUBIAN SHIELD - CENOZOIC / JORDAN / HARRAT ASH SHAAM (SHAMAH) VOLCANIC FIELD,,31.5,32.5,36,38,SUBAERIAL,,,s JS102 [8295],"BASALT, ALKALINE [8295]",,,,CENOZOIC [8295],,,,,VOLCANIC ROCK,,,,,WHOLE_ROCK [8295] ,217301.1828,13377.2688,,78932.49414,,,,81251.27461711514,74157.272,50414.14399999999,1223.64364,,8550.545,23220.124099999997,1697.67769,,,,,,,,,,,,,,,,13899.999999999998,,,,,,,,,,,,,,,,,,,,,,,,,133.8,,,22.1,,203.6,327.3,,,,148.6,51.9,87.5,19,,,,,14.7,625.9,20.6,150.3,29.6,,,,,,,,,,,,,671,18.8,46.4,,22.7,,,,,,,,,,,,,,,,,,,,,2.4,,2,,,,,,,,,,,,,,,,,,,,,,,,,,210417,
[8295],INTRAPLATE VOLCANICS,ARABIAN-NUBIAN SHIELD - CENOZOIC / JORDAN / HARRAT ASH SHAAM (SHAMAH) VOLCANIC FIELD,,31.5,32.5,36,38,SUBAERIAL,,,s JS103 [8295],"BASALT, ALKALINE [8295]",,,,CENOZOIC [8295],,,,,VOLCANIC ROCK,,,,,WHOLE_ROCK [8295] ,220147.86195000002,16355.988599999999,,85643.39682,,,,84142.41374426315,76244.196,33818.483199999995,1246.8773800000001,,11314.9445,22997.567,2055.54291,,,,,,,,,,,,,,,,15500.,,,,,,,,,,,,,,,,,,,,,,,,,37.4,,,21.9,,251.8,85.6,,,,49,63.3,87.3,24.1,,,,,19.8,819.6,24.2,198.7,29.4,,,,,,,,,,,,,243,21.1,51.8,,28.8,,,,,,,,,,,,,,,,,,,,,2.6,,1.6,,,,,,,,,,,,,,,,,,,,,,,,,,210418,
[8295],INTRAPLATE VOLCANICS,ARABIAN-NUBIAN SHIELD - CENOZOIC / JORDAN / HARRAT ASH SHAAM (SHAMAH) VOLCANIC FIELD,,31.5,32.5,36,38,SUBAERIAL,,,s JS104 [8295],"BASALT, ALKALINE [8295]",,,,CENOZOIC [8295],,,,,VOLCANIC ROCK,,,,,WHOLE_ROCK [8295] ,217076.814,15462.972,,86860.67412,,,,80014.29535858899,82061.85399999999,29368.048,1215.89906,,9920.292500000001,25964.995,1876.6103,,,,,,,,,,,,,,,,16800.,,,,,,,,,,,,,,,,,,,,,,,,,536.3,,,22.1,,241,89.6,,,,64.5,53.3,88.7,24.1,,,,,14.2,666.5,21.6,179.7,27.4,,,,,,,,,,,,,223.1,19.3,48.1,,25.3,,,,,,,,,,,,,,,,,,,,,1.7,,1,,,,,,,,,,,,,,,,,,,,,,,,,,210419,
[8295],INTRAPLATE VOLCANICS,ARABIAN-NUBIAN SHIELD - CENOZOIC / JORDAN / HARRAT ASH SHAAM (SHAMAH) VOLCANIC FIELD,,31.5,32.5,36,38,SUBAERIAL,,,s JS105 [8295],"BASALT, ALKALINE [8295]",,,,CENOZOIC [8295],,,,,VOLCANIC ROCK,,,,,WHOLE_ROCK [8295] ,217899.4996,14827.6716,,84537.26223000001,,,,80780.92872941562,73478.307,38365.4048,1146.19784,,9488.6145,19585.0248,1313.6272099999999,,,,,,,,,,,,,,,,27100.,,,,,,,,,,,,,,,,,,,,,,,,,-74.3,,,22.1,,247.9,116.3,,,,66.7,61.5,79.2,20.6,,,,,19.4,940.7,19.8,147.3,18.1,,,,,,,,,,,,,174.5,11.8,33.2,,19,,,,,,,,,,,,,,,,,,,,,1.8,,0.9,,,,,,,,,,,,,,,,,,,,,,,,,,210420,
[8295],INTRAPLATE VOLCANICS,ARABIAN-NUBIAN SHIELD - CENOZOIC / JORDAN / HARRAT ASH SHAAM (SHAMAH) VOLCANIC FIELD,,31.5,32.5,36,38,SUBAERIAL,,,s JS106 [8295],"BASALT, ALKALINE [8295]",,,,CENOZOIC [8295],,,,,VOLCANIC ROCK,,,,,WHOLE_ROCK [8295] ,220325.48725,14186.377799999998,,86601.34113,,,,80720.00653918803,81039.833,35211.5056,1200.4098999999999,,7828.3144999999995,23368.495499999997,1261.25669,,,,,,,,,,,,,,,,15100.,,,,,,,,,,,,,,,,,,,,,,,,,136.4,,,21.6,,241.8,121.1,,,,66.3,61.8,75.7,22.4,,,,,12.1,549.6,19.6,145.8,17.4,,,,,,,,,,,,,189.5,12.6,34.3,,18.2,,,,,,,,,,,,,,,,,,,,,1.9,,1.9,,,,,,,,,,,,,,,,,,,,,,,,,,210421,
[8295],INTRAPLATE VOLCANICS,ARABIAN-NUBIAN SHIELD - CENOZOIC / JORDAN / HARRAT ASH SHAAM (SHAMAH) VOLCANIC FIELD,,31.5,32.5,36,38,SUBAERIAL,,,s JS107 [8295],"BASALT, ALKALINE [8295]",,,,CENOZOIC [8295],,,,,VOLCANIC ROCK,,,,,WHOLE_ROCK [8295] ,202081.49920000002,19286.761199999997,,71935.79592,,,,101554.1995356787,68775.58099999999,49654.313599999994,1417.25814,,13033.355000000001,31380.5511,3041.85437,,,,,,,,,,,,,,,,13100.,,,,,,,,,,,,,,,,,,,,,,,,,488.6,,,17.1,,237.8,187,,,,196.5,60.8,127.6,25,,,,,18.5,822.3,22.3,264.3,57.1,,,,,,,,,,,,,323.7,30.6,74.6,,36.8,,,,,,,,,,,,,,,,,,,,,2,,3.1,,,,,,,,,,,,,,,,,,,,,,,,,,210422,
[8295],INTRAPLATE VOLCANICS,ARABIAN-NUBIAN SHIELD - CENOZOIC / JORDAN / HARRAT ASH SHAAM (SHAMAH) VOLCANIC FIELD,,31.5,32.5,36,38,SUBAERIAL,,,s JS108 [8295],"BASALT, ALKALINE [8295]",,,,CENOZOIC [8295],,,,,VOLCANIC ROCK,,,,,WHOLE_ROCK [8295] ,220503.11255000002,13377.2688,,84590.18733,,,,81960.09136056891,75929.728,41284.1184,1215.89906,,5977.08,22478.267099999997,1370.36194,,,,,,,,,,,,,,,,15200.,,,,,,,,,,,,,,,,,,,,,,,,,197.7,,,21.8,,230.5,190.1,,,,100.1,43.3,85.7,20.6,,,,,6.8,512.7,18.6,135.7,20.3,,,,,,,,,,,,,211.5,12.6,35.3,,18.4,,,,,,,,,,,,,,,,,,,,,1.6,,1.6,,,,,,,,,,,,,,,,,,,,,,,,,,210423,
[8295],INTRAPLATE VOLCANICS,ARABIAN-NUBIAN SHIELD - CENOZOIC / JORDAN / HARRAT ASH SHAAM (SHAMAH) VOLCANIC FIELD,,31.5,32.5,36,38,SUBAERIAL,,,s JS109 [8295],"BASALT, ALKALINE [8295]",,,,CENOZOIC [8295],,,,,VOLCANIC ROCK,,,,,WHOLE_ROCK [8295] ,222050.3224,11920.8726,,83997.42621,,,,79703.31240799086,80453.779,36423.615999999995,1177.17616,,6641.200000000001,24852.2095,1043.04619,,,,,,,,,,,,,,,,19200.,,,,,,,,,,,,,,,,,,,,,,,,,507.5,,,23.1,,224.8,199.6,,,,77,39.3,87,21.7,,,,,10.4,410.1,19.9,124.5,12.5,,,,,,,,,,,,,168.4,10,27.9,,16.4,,,,,,,,,,,,,,,,,,,,,1.9,,1.6,,,,,,,,,,,,,,,,,,,,,,,,,,210424,
[8295],INTRAPLATE VOLCANICS,ARABIAN-NUBIAN SHIELD - CENOZOIC / JORDAN / HARRAT ASH SHAAM (SHAMAH) VOLCANIC FIELD,,31.5,32.5,36,38,SUBAERIAL,,,s JS110 [8295],"BASALT, ALKALINE [8295]",,,,CENOZOIC [8295],,,,,VOLCANIC ROCK,,,,,WHOLE_ROCK [8295] ,201726.24860000002,19760.2398,,71522.98014,,,,97153.35117969957,61700.05099999999,52940.88159999999,1347.55692,,10003.3075,33828.6792,3552.46694,,,,,,,,,,,,,,,,20900.,,,,,,,,,,,,,,,,,,,,,,,,,252.6,,,13.8,,202.4,188,,,,196.6,48.3,128.9,25.8,,,,,13.8,1488.9,21.2,319.3,63,,,,,,,,,,,,,350.4,39.7,94.1,,45,,,,,,,,,,,,,,,,,,,,,3.1,,5.8,,,,,,,,,,,,,,,,,,,,,,,,,,210425,
[8295],INTRAPLATE VOLCANICS,ARABIAN-NUBIAN SHIELD - CENOZOIC / JORDAN / HARRAT ASH SHAAM (SHAMAH) VOLCANIC FIELD,,31.5,32.5,36,38,SUBAERIAL,,,s JS111 [8295],"BASALT, ALKALINE [8295]",,,,CENOZOIC [8295],,,,,VOLCANIC ROCK,,,,,WHOLE_ROCK [8295] ,219339.1994,12268.4898,,73015.46796,,,,86397.76581661089,65173.492999999995,57656.6544,1308.83402,,10418.3825,24926.3952,2055.54291,,,,,,,,,,,,,,,,12800.,,,,,,,,,,,,,,,,,,,,,,,,,676.9,,,19.4,,202.3,285.5,,,,236.3,70,109.3,20.3,,,,,20.7,576.9,19.7,174.4,33,,,,,,,,,,,,,234.3,24.3,56.3,,26.6,,,,,,,,,,,,,,,,,,,,,3.1,,3.2,,,,,,,,,,,,,,,,,,,,,,,,,,210426,
[8295],INTRAPLATE VOLCANICS,ARABIAN-NUBIAN SHIELD - CENOZOIC / JORDAN / HARRAT ASH SHAAM (SHAMAH) VOLCANIC FIELD,,31.5,32.5,36,38,SUBAERIAL,,,s JS112 [8295],"BASALT, ALKALINE [8295]",,,,CENOZOIC [8295],,,,,VOLCANIC ROCK,,,,,WHOLE_ROCK [8295] ,210705.67495000002,12148.6218,,68395.10673,,,,90605.62162692312,73692.717,65176.5632,1308.83402,,8027.550499999999,21810.5958,1601.66507,,,,,,,,,,,,,,,,19200.,,,,,,,,,,,,,,,,,,,,,,,,,-9,,,18.3,,193.9,374.8,,,,356.3,76,96.4,18.8,,,,,14.1,553.4,18.2,135.6,23.6,,,,,,,,,,,,,715.8,14.8,39,,20.8,,,,,,,,,,,,,,,,,,,,,2,,2.6,,,,,,,,,,,,,,,,,,,,,,,,,,210427,
[8295],INTRAPLATE VOLCANICS,ARABIAN-NUBIAN SHIELD - CENOZOIC / JORDAN / HARRAT ASH SHAAM (SHAMAH) VOLCANIC FIELD,,31.5,32.5,36,38,SUBAERIAL,,,s JS113 [8295],"BASALT, ALKALINE [8295]",,,,CENOZOIC [8295],,,,,VOLCANIC ROCK,,,,,WHOLE_ROCK [8295] ,208415.24345000004,11789.0178,,68987.86785000001,,,,88845.13819760669,81675.91600000001,60810.55359999999,1270.11112,,6732.516500000001,21439.6673,1296.17037,,,,,,,,,,,,,,,,24900.000000000004,,,,,,,,,,,,,,,,,,,,,,,,,1140.5,,,18.3,,191.7,404.4,,,,307.4,76.9,92.1,19,,,,,11.1,493.1,17.1,120.8,21,,,,,,,,,,,,,226.9,13.5,35,,17.3,,,,,,,,,,,,,,,,,,,,,1.3,,1.1,,,,,,,,,,,,,,,,,,,,,,,,,,210428,
[8295],INTRAPLATE VOLCANICS,ARABIAN-NUBIAN SHIELD - CENOZOIC / JORDAN / HARRAT ASH SHAAM (SHAMAH) VOLCANIC FIELD,,31.5,32.5,36,38,SUBAERIAL,,,s JS114 [8295],"BASALT, ALKALINE [8295]",,,,CENOZOIC [8295],,,,,VOLCANIC ROCK,,,,,WHOLE_ROCK [8295] ,220045.02625000002,14456.080799999998,,77969.25732,,,,86935.67867992444,66888.773,50390.022399999994,1262.36654,,10667.4275,25519.8808,1636.5787500000001,,,,,,,,,,,,,,,,6899.999999999999,,,,,,,,,,,,,,,,,,,,,,,,,235.2,,,21,,223.1,355.7,,,,190,68.7,94.1,21.4,,,,,18.6,524.4,19.4,160.4,26.3,,,,,,,,,,,,,251.3,15.9,41.6,,22.1,,,,,,,,,,,,,,,,,,,,,1.6,,1.5,,,,,,,,,,,,,,,,,,,,,,,,,,210429,
[8295],INTRAPLATE VOLCANICS,ARABIAN-NUBIAN SHIELD - CENOZOIC / JORDAN / HARRAT ASH SHAAM (SHAMAH) VOLCANIC FIELD,,31.5,32.5,36,38,SUBAERIAL,,,s JS115 [8295],"BASALT, ALKALINE [8295]",,,,CENOZOIC [8295],,,,,VOLCANIC ROCK,,,,,WHOLE_ROCK [8295] ,194658.6314,19862.1276,,68585.63709,,,,95680.90870511977,75536.64300000001,53381.1008,1363.0460799999998,,10102.925500000001,34644.7219,3124.77436,,,,,,,,,,,,,,,,26700.,,,,,,,,,,,,,,,,,,,,,,,,,514.7,,,15,,204.5,190.8,,,,209.7,53.5,109.8,24.8,,,,,8.2,941.4,22.9,273.1,65.6,,,,,,,,,,,,,404.8,36.1,84.9,,41,,,,,,,,,,,,,,,,,,,,,3.5,,4.9,,,,,,,,,,,,,,,,,,,,,,,,,,210430,
[8295],INTRAPLATE VOLCANICS,ARABIAN-NUBIAN SHIELD - CENOZOIC / JORDAN / HARRAT ASH SHAAM (SHAMAH) VOLCANIC FIELD,,31.5,32.5,36,38,SUBAERIAL,,,s JS116 [8295],"BASALT, ALKALINE [8295]",,,,CENOZOIC [8295],,,,,VOLCANIC ROCK,,,,,WHOLE_ROCK [8295] ,215987.69045000002,13455.182999999999,,79271.21478,,,,81697.06277692766,76908.867,48918.6048,1239.1328,,8791.288499999999,23516.866899999997,1723.8629500000002,,,,,,,,,,,,,,,,15400.,,,,,,,,,,,,,,,,,,,,,,,,,216.8,,,23.6,,207.2,312.8,,,,145.5,57.2,86.1,20,,,,,16,577.4,21.3,151.7,30.7,,,,,,,,,,,,,329,17.8,46.7,,22.5,,,,,,,,,,,,,,,,,,,,,2.1,,2.6,,,,,,,,,,,,,,,,,,,,,,,,,,210431,
[8295],INTRAPLATE VOLCANICS,ARABIAN-NUBIAN SHIELD - CENOZOIC / JORDAN / HARRAT ASH SHAAM (SHAMAH) VOLCANIC FIELD,,31.5,32.5,36,38,SUBAERIAL,,,s JS117 [8295],"BASALT, ALKALINE [8295]",,,,CENOZOIC [8295],,,,,VOLCANIC ROCK,,,,,WHOLE_ROCK [8295] ,217745.24605000002,12951.7374,,77836.94457,,,,83408.35381085209,72198.994,53344.918399999995,1246.8773800000001,,7712.0935,24036.1668,1427.0966700000001,,,,,,,,,,,,,,,,12500.,,,,,,,,,,,,,,,,,,,,,,,,,265.8,,,20,,192.3,284.3,,,,168.4,65.1,88.3,19.6,,,,,15.2,511.5,20.6,136.4,25,,,,,,,,,,,,,224.6,15.9,39.6,,19.9,,,,,,,,,,,,,,,,,,,,,1.4,,2.3,,,,,,,,,,,,,,,,,,,,,,,,,,210432,
[8295],INTRAPLATE VOLCANICS,ARABIAN-NUBIAN SHIELD - CENOZOIC / JORDAN / HARRAT ASH SHAAM (SHAMAH) VOLCANIC FIELD,,31.5,32.5,36,38,SUBAERIAL,,,s JS118 [8295],"BASALT, ALKALINE [8295]",,,,CENOZOIC [8295],,,,,VOLCANIC ROCK,,,,,WHOLE_ROCK [8295] ,221330.47250000003,11926.866,,79239.45972,,,,85822.20849545565,66452.806,57885.8096,1246.8773800000001,,6574.7880000000005,23813.609699999997,1248.1640599999998,,,,,,,,,,,,,,,,6000.,,,,,,,,,,,,,,,,,,,,,,,,,206.3,,,22.3,,189.3,296.7,,,,206.1,55,90.8,19.1,,,,,10.7,424,19.9,124.9,22,,,,,,,,,,,,,218,12.7,32.9,,18.4,,,,,,,,,,,,,,,,,,,,,1.1,,1.1,,,,,,,,,,,,,,,,,,,,,,,,,,210433,
[8295],INTRAPLATE VOLCANICS,ARABIAN-NUBIAN SHIELD - CENOZOIC / JORDAN / HARRAT ASH SHAAM (SHAMAH) VOLCANIC FIELD,,31.5,32.5,36,38,SUBAERIAL,,,s JS119 [8295],"BASALT, ALKALINE [8295]",,,,CENOZOIC [8295],,,,,VOLCANIC ROCK,,,,,WHOLE_ROCK [8295] ,225565.43360000002,10680.2388,,77312.98608,,,,83675.04751822208,64630.320999999996,57909.93119999999,1200.4098999999999,,5312.96,23368.495499999997,920.84831,,,,,,,,,,,,,,,,8000.,,,,,,,,,,,,,,,,,,,,,,,,,-40.4,,,20.4,,165.6,307.7,,,,236.4,54.6,92.9,18.1,,,,,9.9,341.5,18.3,108,12.9,,,,,,,,,,,,,125.2,10.59,23.69,,14.13,3.549,1.28,3.379,,3.524,,1.805,,1.677,0.238,,,,,,,,,,,0.6,,0.6,,0.512887,,,0.7036,,19.18,,15.643,,38.98,,,,,,,,,,,,,,,210434,
[8295],INTRAPLATE VOLCANICS,ARABIAN-NUBIAN SHIELD - CENOZOIC / JORDAN / HARRAT ASH SHAAM (SHAMAH) VOLCANIC FIELD,,31.5,32.5,36,38,SUBAERIAL,,,s JS120 [8295],"BASALT, ALKALINE [8295]",,,,CENOZOIC [8295],,,,,VOLCANIC ROCK,,,,,WHOLE_ROCK [8295] ,201431.76455000002,15888.503399999998,,69564.75144000001,,,,97291.03113290758,70748.15299999999,56547.0608,1324.32318,,13689.1735,29674.28,2810.5512400000002,,,,,,,,,,,,,,,,23100.,,,,,,,,,,,,,,,,,,,,,,,,,481,,,17.4,,192.6,278.7,,,,304.1,61.7,120.6,23.5,,,,,20.5,791.3,19.8,234.8,37.3,,,,,,,,,,,,,532.5,26.9,66.7,,34.1,,,,,,,,,,,,,,,,,,,,,2.9,,2.3,,,,,,,,,,,,,,,,,,,,,,,,,,210435,
[8295],INTRAPLATE VOLCANICS,ARABIAN-NUBIAN SHIELD - CENOZOIC / JORDAN / HARRAT ASH SHAAM (SHAMAH) VOLCANIC FIELD,,31.5,32.5,36,38,SUBAERIAL,,,s JS121 [8295],"BASALT, ALKALINE [8295]",,,,CENOZOIC [8295],,,,,VOLCANIC ROCK,,,,,WHOLE_ROCK [8295] ,204287.7924,15960.424199999998,,70866.70890000001,,,,100628.39907405735,66824.45,47640.159999999996,1432.7473,,15233.2525,36202.6216,3500.0964200000003,,,,,,,,,,,,,,,,13500.,,,,,,,,,,,,,,,,,,,,,,,,,228.5,,,13.3,,178.3,179.6,,,,159.3,54.9,138.9,25.5,,,,,20,1121.8,21.9,272.7,55.9,,,,,,,,,,,,,1039.3,40,91.7,,41.8,,,,,,,,,,,,,,,,,,,,,2.5,,4.3,,,,,,,,,,,,,,,,,,,,,,,,,,210436,
[7597],INTRAPLATE VOLCANICS,ARABIAN-NUBIAN SHIELD - CENOZOIC / SYRIA / HARRAT ASH SHAAM (SHAMAH) VOLCANIC FIELD (HAURUN-DRUZE PLATEAU),,32,33.5,37.1,38.9,SUBAERIAL,,,s SB4 [7597],BASALT [7597],,,,NEOGENE [7597],,,,,VOLCANIC ROCK,,,,,WHOLE_ROCK [7597] ,,,,,,,,,,57228.496,,,,,,,,,,,,,,,,,,,,,,,,,,,,,,,,,,,,,,,,,,,,,,,,,,,,,,,,,,,,,,,,,,,,57,,,,,,,,,,,,,295,,,,,,,,,,,,,,,,,,,,,,,,,,,,,0.512818,,,0.703821,,19.059,,15.648,,38.906,,,,,,,,,,,,,,,210691,
[7597],INTRAPLATE VOLCANICS,ARABIAN-NUBIAN SHIELD - CENOZOIC / SYRIA / HARRAT ASH SHAAM (SHAMAH) VOLCANIC FIELD (HAURUN-DRUZE PLATEAU),,32,33.5,37.1,38.9,SUBAERIAL,,,s SB6 [7597],BASALT [7597],,,,NEOGENE [7597],,,,,VOLCANIC ROCK,,,,,WHOLE_ROCK [7597] ,,,,,,,,,,61992.511999999995,,,,,,,,,,,,,,,,,,,,,,,,,,,,,,,,,,,,,,,,,,,,,,,,,,,,,,,,,,,,,,,,,,,,35,,,,,,,,,,,,,378,,,,,,,,,,,,,,,,,,,,,,,,,,,,,0.512859,,,0.703944,,18.94,,15.647,,38.841,,,,,,,,,,,,,,,210692,
[7597],INTRAPLATE VOLCANICS,ARABIAN-NUBIAN SHIELD - CENOZOIC / SYRIA / HARRAT ASH SHAAM (SHAMAH) VOLCANIC FIELD (HAURUN-DRUZE PLATEAU),,32,33.5,37.1,38.9,SUBAERIAL,,,s SB9 [7597],BASALT [7597],,,,NEOGENE [7597],,,,,VOLCANIC ROCK,,,,,WHOLE_ROCK [7597] ,,,,,,,,,,38775.471999999994,,,,,,,,,,,,,,,,,,,,,,,,,,,,,,,,,,,,,,,,,,,,,,,,,,,,,,,,,,,,,,,,,,,,38,,,,,,,,,,,,,409,,,,,,,,,,,,,,,,,,,,,,,,,,,,,0.512927,,,0.70314,,19.286,,15.611,,39.002,,,,,,,,,,,,,,,210693,
[7597],INTRAPLATE VOLCANICS,ARABIAN-NUBIAN SHIELD - CENOZOIC / SYRIA / HARRAT ASH SHAAM (SHAMAH) VOLCANIC FIELD (HAURUN-DRUZE PLATEAU),,32,33.5,37.1,38.9,SUBAERIAL,,,s SB10 [7597],BASALT [7597],,,,NEOGENE [7597],,,,,VOLCANIC ROCK,,,,,WHOLE_ROCK [7597] ,,,,,,,,,,43177.664,,,,,,,,,,,,,,,,,,,,,,,,,,,,,,,,,,,,,,,,,,,,,,,,,,,,,,,,,,,,,,,,,,,,54,,,,,,,,,,,,,478,,,,,,,,,,,,,,,,,,,,,,,,,,,,,0.512936,,,0.703037,,19.23,,15.564,,38.922,,,,,,,,,,,,,,,210694,
[7597],INTRAPLATE VOLCANICS,ARABIAN-NUBIAN SHIELD - CENOZOIC / SYRIA / HARRAT ASH SHAAM (SHAMAH) VOLCANIC FIELD (HAURUN-DRUZE PLATEAU),,32,33.5,37.1,38.9,SUBAERIAL,,,s SB12 [7597],BASALT [7597],,,,NEOGENE [7597],,,,,VOLCANIC ROCK,,,,,WHOLE_ROCK [7597] ,,,,,,,,,,55539.984000000004,,,,,,,,,,,,,,,,,,,,,,,,,,,,,,,,,,,,,,,,,,,,,,,,,,,,,,,,,,,,,,,,,,,,28,,,,,,,,,,,,,379,,,,,,,,,,,,,,,,,,,,,,,,,,,,,0.51289,,,0.703442,,19.108,,15.633,,38.927,,,,,,,,,,,,,,,210695,
[7597],INTRAPLATE VOLCANICS,ARABIAN-NUBIAN SHIELD - CENOZOIC / SYRIA / HARRAT ASH SHAAM (SHAMAH) VOLCANIC FIELD (HAURUN-DRUZE PLATEAU),,32,33.5,37.1,38.9,SUBAERIAL,,,s SB13 [7597],BASALT [7597],,,,NEOGENE [7597],,,,,VOLCANIC ROCK,,,,,WHOLE_ROCK [7597] ,,,,,,,,,,55720.896,,,,,,,,,,,,,,,,,,,,,,,,,,,,,,,,,,,,,,,,,,,,,,,,,,,,,,,,,,,,,,,,,,,,52,,,,,,,,,,,,,562,,,,,,,,,,,,,,,,,,,,,,,,,,,,,0.512928,,,0.703095,,19.309,,15.61,,38.994,,,,,,,,0.282999,,,,,,,210696,
[7597],INTRAPLATE VOLCANICS,ARABIAN-NUBIAN SHIELD - CENOZOIC / SYRIA / HARRAT ASH SHAAM (SHAMAH) VOLCANIC FIELD (HAURUN-DRUZE PLATEAU),,32,33.5,37.1,38.9,SUBAERIAL,,,s SB14 [7597],BASALT [7597],,,,NEOGENE [7597],,,,,VOLCANIC ROCK,,,,,WHOLE_ROCK [7597] ,,,,,,,,,,44202.831999999995,,,,,,,,,,,,,,,,,,,,,,,,,,,,,,,,,,,,,,,,,,,,,,,,,,,,,,,,,,,,,,,,,,,,14,,,,,,,,,,,,,248,,,,,,,,,,,,,,,,,,,,,,,,,,,,,0.512851,,,0.703223,,19.029,,15.594,,38.677,,,,,,,,,,,,,,,210697,
[7597],INTRAPLATE VOLCANICS,ARABIAN-NUBIAN SHIELD - CENOZOIC / SYRIA / HARRAT ASH SHAAM (SHAMAH) VOLCANIC FIELD (HAURUN-DRUZE PLATEAU),,32,33.5,37.1,38.9,SUBAERIAL,,,s SB18 [7597],BASALT [7597],,,,NEOGENE [7597],,,,,VOLCANIC ROCK,,,,,WHOLE_ROCK [7597] ,,,,,,,,,,48846.24,,,,,,,,,,,,,,,,,,,,,,,,,,,,,,,,,,,,,,,,,,,,,,,,,,,,,,,,,,,,,,,,,,,,27,,,,,,,,,,,,,207,,,,,,,,,,,,,,,,,,,,,,,,,,,,,0.51284,,,0.703379,,19.112,,15.579,,38.904,,,,,,,,0.282963,,,,,,,210698,
[7597],INTRAPLATE VOLCANICS,ARABIAN-NUBIAN SHIELD - CENOZOIC / JORDAN / HARRAT ASH SHAAM (SHAMAH) VOLCANIC FIELD,,31.4,31.4,37.1,37.1,SUBAERIAL,,,s J3 [7597],BASALT [7597],,,,NEOGENE [7597],,,,,VOLCANIC ROCK,,,,,WHOLE_ROCK [7597] ,,,,,,,,,,61027.647999999994,,,,,,,,,,,,,,,,,,,,,,,,,,,,,,,,,,,,,,,,,,,,,,,,,,,,,,,,,,,,,,,,,,,,26,,,,,,,,,,,,,190,,,,,,,,,,,,,,,,,,,,,,,,,,,,,0.512917,,,0.703255,,19.106,,15.601,,38.893,,,,,,,,0.282997,,,,,,,210699,
[7597],INTRAPLATE VOLCANICS,ARABIAN-NUBIAN SHIELD - CENOZOIC / JORDAN / HARRAT ASH SHAAM (SHAMAH) VOLCANIC FIELD,,31.4,31.4,37.1,37.1,SUBAERIAL,,,s J4 [7597],BASALT [7597],,,,NEOGENE [7597],,,,,VOLCANIC ROCK,,,,,WHOLE_ROCK [7597] ,,,,,,,,,,45469.216,,,,,,,,,,,,,,,,,,,,,,,,,,,,,,,,,,,,,,,,,,,,,,,,,,,,,,,,,,,,,,,,,,,,19,,,,,,,,,,,,,187,,,,,,,,,,,,,,,,,,,,,,,,,,,,,0.512915,,,0.703102,,18.918,,15.574,,38.622,,,,,,,,,,,,,,,210700,
[7597],INTRAPLATE VOLCANICS,ARABIAN-NUBIAN SHIELD - CENOZOIC / JORDAN / DEAD SEA REGION,,30,31.4,36,36.1,SUBAERIAL,,,s J5 [7597],BASALT [7597],,,,NEOGENE [7597],,,,,VOLCANIC ROCK,,,,,WHOLE_ROCK [7597] ,,,,,,,,,,62474.943999999996,,,,,,,,,,,,,,,,,,,,,,,,,,,,,,,,,,,,,,,,,,,,,,,,,,,,,,,,,,,,,,,,,,,,39,,,,,,,,,,,,,291,,,,,,,,,,,,,,,,,,,,,,,,,,,,,0.512978,,,0.70328,,18.929,,15.576,,38.625,,,,,,,,0.283027,,,,,,,210701,
[7597],INTRAPLATE VOLCANICS,ARABIAN-NUBIAN SHIELD - CENOZOIC / JORDAN / DEAD SEA REGION,,30,31.4,36,36.1,SUBAERIAL,,,s J6 [7597],BASALT [7597],,,,NEOGENE [7597],,,,,VOLCANIC ROCK,,,,,WHOLE_ROCK [7597] ,,,,,,,,,,59580.352,,,,,,,,,,,,,,,,,,,,,,,,,,,,,,,,,,,,,,,,,,,,,,,,,,,,,,,,,,,,,,,,,,,,61,,,,,,,,,,,,,424,,,,,,,,,,,,,,,,,,,,,,,,,,,,,0.512957,,,0.703164,,19.04,,15.58,,38.737,,,,,,,,,,,,,,,210702,
[7597],INTRAPLATE VOLCANICS,ARABIAN-NUBIAN SHIELD - CENOZOIC / JORDAN / DEAD SEA REGION,,30,31.4,36,36.1,SUBAERIAL,,,s J9 [7597],BASALT [7597],,,,NEOGENE [7597],,,,,VOLCANIC ROCK,,,,,WHOLE_ROCK [7597] ,,,,,,,,,,44986.784,,,,,,,,,,,,,,,,,,,,,,,,,,,,,,,,,,,,,,,,,,,,,,,,,,,,,,,,,,,,,,,,,,,,31,,,,,,,,,,,,,333,,,,,,,,,,,,,,,,,,,,,,,,,,,,,0.512839,,,0.703417,,18.99,,15.599,,38.72,,,,,,,,0.282979,,,,,,,210703,
[7597],INTRAPLATE VOLCANICS,ARABIAN-NUBIAN SHIELD - CENOZOIC / JORDAN / DEAD SEA REGION,,30,31.4,36,36.1,SUBAERIAL,,,s J13 [7597],BASALT [7597],,,,NEOGENE [7597],,,,,VOLCANIC ROCK,,,,,WHOLE_ROCK [7597] ,,,,,,,,,,79239.456,,,,,,,,,,,,,,,,,,,,,,,,,,,,,,,,,,,,,,,,,,,,,,,,,,,,,,,,,,,,,,,,,,,,72,,,,,,,,,,,,,611,,,,,,,,,,,,,,,,,,,,,,,,,,,,,0.512941,,,0.703558,,18.995,,15.558,,38.675,,,,,,,,,,,,,,,210704,
[7597],INTRAPLATE VOLCANICS,ARABIAN-NUBIAN SHIELD - CENOZOIC / SAUDI ARABIA / HARRAT KHAYBAR / JABAL AL ABYAD VOLCANIC CHAIN,,25.67,25.67,39.83,39.83,SUBAERIAL,,,s AS38 [7597],BASALT [7597],,,,NEOGENE [7597],,,,,VOLCANIC ROCK,,,,,WHOLE_ROCK [7597] ,,,,,,,,,,44926.479999999996,,,,,,,,,,,,,,,,,,,,,,,,,,,,,,,,,,,,,,,,,,,,,,,,,,,,,,,,,,,,,,,,,,,,,,,,,,,,,,,,,,,,,,,,,,,,,,,,,,,,,,,,,,,,,,0.512978,,,0.702986,,18.739,,15.528,,38.457,,,,,,,,0.283086,,,,,,,210705,
[7597],INTRAPLATE VOLCANICS,ARABIAN-NUBIAN SHIELD - CENOZOIC / SAUDI ARABIA / HARRAT KHAYBAR / JABAL AL ABYAD VOLCANIC CHAIN,,25.67,25.67,39.83,39.83,SUBAERIAL,,,s AS43 [7597],BASALT [7597],,,,NEOGENE [7597],,,,,VOLCANIC ROCK,,,,,WHOLE_ROCK [7597] ,,,,,,,,,,56987.27999999999,,,,,,,,,,,,,,,,,,,,,,,,,,,,,,,,,,,,,,,,,,,,,,,,,,,,,,,,,,,,,,,,,,,,,,,,,,,,,,,,,,,,,,,,,,,,,,,,,,,,,,,,,,,,,,0.512911,,,0.703213,,18.665,,15.546,,38.331,,,,,,,,0.28306,,,,,,,210706,
[7597],INTRAPLATE VOLCANICS,ARABIAN-NUBIAN SHIELD - CENOZOIC / SAUDI ARABIA / HARRAT KURA,,25,26.5,39,40.5,SUBAERIAL,,,s AS46 [7597],BASALT [7597],,,,NEOGENE [7597],,,,,VOLCANIC ROCK,,,,,WHOLE_ROCK [7597] ,,,,,,,,,,58012.44799999999,,,,,,,,,,,,,,,,,,,,,,,,,,,,,,,,,,,,,,,,,,,,,,,,,,,,,,,,,,,,,,,,,,,,,,,,,,,,,,,,,,,,,,,,,,,,,,,,,,,,,,,,,,,,,,0.512868,,,0.70322,,19.436,,15.638,,39.355,,,,,,,,0.282988,,,,,,,210707,
[7597],INTRAPLATE VOLCANICS,ARABIAN-NUBIAN SHIELD - CENOZOIC / SAUDI ARABIA / HARRAT LUNAYYIR,,25.17,25.17,37.75,37.75,SUBAERIAL,,,s AS51 [7597],BASALT [7597],,,,NEOGENE [7597],,,,,VOLCANIC ROCK,,,,,WHOLE_ROCK [7597] ,,,,,,,,,,43418.88,,,,,,,,,,,,,,,,,,,,,,,,,,,,,,,,,,,,,,,,,,,,,,,,,,,,,,,,,,,,,,,,,,,,,,,,,,,,,,,,,,,,,,,,,,,,,,,,,,,,,,,,,,,,,,0.512994,,,0.702903,,19.124,,15.563,,38.886,,,,,,,,0.283071,,,,,,,210708,
[7597],INTRAPLATE VOLCANICS,ARABIAN-NUBIAN SHIELD - CENOZOIC / SAUDI ARABIA / HARRAT LUNAYYIR,,25.17,25.17,37.75,37.75,SUBAERIAL,,,s AS52L* [7597],BASALT [7597],,,,NEOGENE [7597],,,,,VOLCANIC ROCK,,,,,WHOLE_ROCK [7597] ,,,,,,,,,,35519.056,,,,,,,,,,,,,,,,,,,,,,,,,,,,,,,,,,,,,,,,,,,,,,,,,,,,,,,,,,,,,,,,,,,,,,,,,,,,,,,,,,,,,,,,,,,,,,,,,,,,,,,,,,,,,,0.512969,,,0.702957,,19.032,,15.575,,38.775,,,,,,,,,,,,,,,210709,
[7597],INTRAPLATE VOLCANICS,ARABIAN-NUBIAN SHIELD - CENOZOIC / SAUDI ARABIA / HARRAT LUNAYYIR,,25.17,25.17,37.75,37.75,SUBAERIAL,,,s AS54 [7597],BASALT [7597],,,,NEOGENE [7597],,,,,VOLCANIC ROCK,,,,,WHOLE_ROCK [7597] ,,,,,,,,,,73812.09599999999,,,,,,,,,,,,,,,,,,,,,,,,,,,,,,,,,,,,,,,,,,,,,,,,,,,,,,,,,,,,,,,,,,,,,,,,,,,,,,,,,,,,,,,,,,,,,,,,,,,,,,,,,,,,,,0.512865,,,0.702964,,19.044,,15.595,,38.86,,,,,,,,0.283028,,,,,,,210710,
[7597],INTRAPLATE VOLCANICS,ARABIAN-NUBIAN SHIELD - CENOZOIC / SAUDI ARABIA / HARRAT KURAMA,,25,25.5,37,37.5,SUBAERIAL,,,s AS07 [7597],BASALT [7597],,,,NEOGENE [7597],,,,,VOLCANIC ROCK,,,,,WHOLE_ROCK [7597] ,,,,,,,,,,65731.36,,,,,,,,,,,,,,,,,,,,,,,,,,,,,,,,,,,,,,,,,,,,,,,,,,,,,,,,,,,,,,,,,,,,,,,,,,,,,,,,,,,,,,,,,,,,,,,,,,,,,,,,,,,,,,0.512901,,,0.703454,,18.891,,15.562,,38.373,,,,,,,,,,,,,,,210711,
[7597],INTRAPLATE VOLCANICS,ARABIAN-NUBIAN SHIELD - CENOZOIC / SAUDI ARABIA / HARRAT RAHAT,,23.08,23.08,39.78,39.78,SUBAERIAL,,,s AS27 [7597],BASALT [7597],,,,NEOGENE [7597],,,,,VOLCANIC ROCK,,,,,WHOLE_ROCK [7597] ,,,,,,,,,,44986.784,,,,,,,,,,,,,,,,,,,,,,,,,,,,,,,,,,,,,,,,,,,,,,,,,,,,,,,,,,,,,,,,,,,,,,,,,,,,,,,,,,,,,,,,,,,,,,,,,,,,,,,,,,,,,,0.51291,,,0.703049,,18.754,,15.548,,38.489,,,,,,,,,,,,,,,210712,
[7597],INTRAPLATE VOLCANICS,ARABIAN-NUBIAN SHIELD - CENOZOIC / SAUDI ARABIA / HARRAT RAHAT,,23.08,23.08,39.78,39.78,SUBAERIAL,,,s AS58 [7597],BASALT [7597],,,,NEOGENE [7597],,,,,VOLCANIC ROCK,,,,,WHOLE_ROCK [7597] ,,,,,,,,,,44202.831999999995,,,,,,,,,,,,,,,,,,,,,,,,,,,,,,,,,,,,,,,,,,,,,,,,,,,,,,,,,,,,,,,,,,,,,,,,,,,,,,,,,,,,,,,,,,,,,,,,,,,,,,,,,,,,,,0.513041,,,0.703434,,18.61,,15.531,,38.273,,,,,,,,0.283083,,,,,,,210713,
[7597],INTRAPLATE VOLCANICS,ARABIAN-NUBIAN SHIELD - CENOZOIC / SAUDI ARABIA / HARRAT RAHAT,,23.08,23.08,39.78,39.78,SUBAERIAL,,,s AS63 [7597],BASALT [7597],,,,NEOGENE [7597],,,,,VOLCANIC ROCK,,,,,WHOLE_ROCK [7597] ,,,,,,,,,,56082.72,,,,,,,,,,,,,,,,,,,,,,,,,,,,,,,,,,,,,,,,,,,,,,,,,,,,,,,,,,,,,,,,,,,,,,,,,,,,,,,,,,,,,,,,,,,,,,,,,,,,,,,,,,,,,,0.512925,,,0.703361,,18.783,,15.525,,38.433,,,,,,,,,,,,,,,210714,
[7597],INTRAPLATE VOLCANICS,ARABIAN-NUBIAN SHIELD - CENOZOIC / SAUDI ARABIA / HARRAT RAHAT,,23.08,23.08,39.78,39.78,SUBAERIAL,,,s AS74 [7597],BASALT [7597],,,,NEOGENE [7597],,,,,VOLCANIC ROCK,,,,,WHOLE_ROCK [7597] ,,,,,,,,,,61811.6,,,,,,,,,,,,,,,,,,,,,,,,,,,,,,,,,,,,,,,,,,,,,,,,,,,,,,,,,,,,,,,,,,,,,,,,,,,,,,,,,,,,,,,,,,,,,,,,,,,,,,,,,,,,,,0.512912,,,0.702968,,18.797,,15.575,,38.553,,,,,,,,0.283046,,,,,,,210715,
[7597],INTRAPLATE VOLCANICS,ARABIAN-NUBIAN SHIELD - CENOZOIC / SAUDI ARABIA / HARRAT RAHAT,,23.08,23.08,39.78,39.78,SUBAERIAL,,,s AS76 [7597],BASALT [7597],,,,NEOGENE [7597],,,,,VOLCANIC ROCK,,,,,WHOLE_ROCK [7597] ,,,,,,,,,,57530.01599999999,,,,,,,,,,,,,,,,,,,,,,,,,,,,,,,,,,,,,,,,,,,,,,,,,,,,,,,,,,,,,,,,,,,,14,,,,,,,,,,,,,277,,,,,,,,,,,,,,,,,,,,,,,,,,,,,,,,0.703462,,18.697,,15.529,,38.246,,,,,,,,,,,,,,,210716,
[7597],INTRAPLATE VOLCANICS,ARABIAN-NUBIAN SHIELD - CENOZOIC / SAUDI ARABIA / HARRAT RAHAT,,23.08,23.08,39.78,39.78,SUBAERIAL,,,s AS62 [7597],BASALT [7597],,,,NEOGENE [7597],,,,,VOLCANIC ROCK,,,,,WHOLE_ROCK [7597] ,,,,,,,,,,55238.464,,,,,,,,,,,,,,,,,,,,,,,,,,,,,,,,,,,,,,,,,,,,,,,,,,,,,,,,,,,,,,,,,,,,14,,,,,,,,,,,,,95,,,,,,,,,,,,,,,,,,,,,,,,,,,,,,,,0.703172,,18.663,,15.569,,38.363,,,,,,,,,,,,,,,210717,
[7597],INTRAPLATE VOLCANICS,ARABIAN-NUBIAN SHIELD - CENOZOIC / SAUDI ARABIA / HARRAT RAHAT,,23.08,23.08,39.78,39.78,SUBAERIAL,,,s AS57 [7597],BASALT [7597],,,,NEOGENE [7597],,,,,VOLCANIC ROCK,,,,,WHOLE_ROCK [7597] ,,,,,,,,,,55901.808,,,,,,,,,,,,,,,,,,,,,,,,,,,,,,,,,,,,,,,,,,,,,,,,,,,,,,,,,,,,,,,,,,,,24,,,,,,,,,,,,,154,,,,,,,,,,,,,,,,,,,,,,,,,,,,,0.512977,,,0.7031,,18.891,,15.585,,38.67,,,,,,,,,,,,,,,210718,
[7597],INTRAPLATE VOLCANICS,ARABIAN-NUBIAN SHIELD - CENOZOIC / SAUDI ARABIA / HARRAT AL KISHB,,22.8,22.8,41.38,41.38,SUBAERIAL,,,s AS31 [7597],BASALT [7597],,,,NEOGENE [7597],,,,,VOLCANIC ROCK,,,,,WHOLE_ROCK [7597] ,,,,,,,,,,68143.52,,,,,,,,,,,,,,,,,,,,,,,,,,,,,,,,,,,,,,,,,,,,,,,,,,,,,,,,,,,,,,,,,,,,,,,,,,,,,,,,,,,,,,,,,,,,,,,,,,,,,,,,,,,,,,0.512926,,,0.703012,,18.939,,15.581,,38.765,,,,,,,,0.28307,,,,,,,210719,
[7597],INTRAPLATE VOLCANICS,ARABIAN-NUBIAN SHIELD - CENOZOIC / SAUDI ARABIA / HARRAT AL KISHB,,22.8,22.8,41.38,41.38,SUBAERIAL,,,s AS32 [7597],BASALT [7597],,,,NEOGENE [7597],,,,,VOLCANIC ROCK,,,,,WHOLE_ROCK [7597] ,,,,,,,,,,60424.60799999999,,,,,,,,,,,,,,,,,,,,,,,,,,,,,,,,,,,,,,,,,,,,,,,,,,,,,,,,,,,,,,,,,,,,,,,,,,,,,,,,,,,,,,,,,,,,,,,,,,,,,,,,,,,,,,0.512933,,,0.703177,,18.85,,15.536,,38.559,,,,,,,,0.283078,,,,,,,210720,
[7597],INTRAPLATE VOLCANICS,ARABIAN-NUBIAN SHIELD - CENOZOIC / SAUDI ARABIA / HARRAT TUFFIL,,21,21,39,39,SUBAERIAL,,,s AS02 [7597],BASALT [7597],,,,NEOGENE [7597],,,,,VOLCANIC ROCK,,,,,WHOLE_ROCK [7597] ,,,,,,,,,,51137.792,,,,,,,,,,,,,,,,,,,,,,,,,,,,,,,,,,,,,,,,,,,,,,,,,,,,,,,,,,,,,,,,,,,,,,,,,,,,,,,,,,,,,,,,,,,,,,,,,,,,,,,,,,,,,,0.512898,,,0.703176,,18.868,,15.551,,38.644,,,,,,,,,,,,,,,210721,
[7597],INTRAPLATE VOLCANICS,ARABIAN-NUBIAN SHIELD - CENOZOIC / YEMEN / ADEN REGION,SANAA,15.4,15.4,44.2,44.2,SUBAERIAL,,,s YN27 [7597],BASALT [7597],,5000000 [7597],,,,,,,VOLCANIC ROCK,,,,,WHOLE_ROCK [7597] ,,,,,,,,,,35579.36,,,,,,,,,,,,,,,,,,,,,,,,,,,,,,,,,,,,,,,,,,,,,,,,,,,,,,,,,,,,,,,,,,,,46,,,,,,,,,,,,,351,,,,,,,,,,,,,,,,,,,,,,,,,,,,,0.512929,,,0.703454,,18.774,,15.604,,38.845,,,,,,,,0.283076,,,,,,,210722,
[7597],INTRAPLATE VOLCANICS,ARABIAN-NUBIAN SHIELD - CENOZOIC / YEMEN / ADEN REGION,SANAA,15.4,15.4,44.2,44.2,SUBAERIAL,,,s YN72 [7597],BASALT [7597],,5000000 [7597],,,,,,,VOLCANIC ROCK,,,,,WHOLE_ROCK [7597] ,,,,,,,,,,42815.84,,,,,,,,,,,,,,,,,,,,,,,,,,,,,,,,,,,,,,,,,,,,,,,,,,,,,,,,,,,,,,,,,,,,41,,,,,,,,,,,,,367,,,,,,,,,,,,,,,,,,,,,,,,,,,,,0.512891,,,0.703514,,18.602,,15.555,,38.57,,,,,,,,,,,,,,,210723,
[7597],INTRAPLATE VOLCANICS,ARABIAN-NUBIAN SHIELD - CENOZOIC / YEMEN / ADEN REGION,MARIB,16.3,16.3,45,45,SUBAERIAL,,,s Y5 [7597],BASALT [7597],,5000000 [7597],,,,,,,VOLCANIC ROCK,,,,,WHOLE_ROCK [7597] ,,,,,,,,,,31297.776,,,,,,,,,,,,,,,,,,,,,,,,,,,,,,,,,,,,,,,,,,,,,,,,,,,,,,,,,,,,,,,,,,,,68,,,,,,,,,,,,,558,,,,,,,,,,,,,,,,,,,,,,,,,,,,,0.512837,,,0.703525,,18.824,,15.635,,38.858,,,,,,,,0.282958,,,,,,,210724,
[7597],INTRAPLATE VOLCANICS,ARABIAN-NUBIAN SHIELD - CENOZOIC / YEMEN / ADEN REGION,MARIB,16.3,16.3,45,45,SUBAERIAL,,,s Y6 [7597],BASALT [7597],,5000000 [7597],,,,,,,VOLCANIC ROCK,,,,,WHOLE_ROCK [7597] ,,,,,,,,,,69530.51199999999,,,,,,,,,,,,,,,,,,,,,,,,,,,,,,,,,,,,,,,,,,,,,,,,,,,,,,,,,,,,,,,,,,,,37,,,,,,,,,,,,,320,,,,,,,,,,,,,,,,,,,,,,,,,,,,,0.512821,,,0.703469,,19.004,,15.611,,38.997,,,,,,,,0.28296,,,,,,,210725,
[7597],INTRAPLATE VOLCANICS,ARABIAN-NUBIAN SHIELD - CENOZOIC / YEMEN / ADEN REGION,DABAB,12.5,16,44,48,SUBAERIAL,,,s Y37 [7597],BASALT [7597],,5000000 [7597],,,,,,,VOLCANIC ROCK,,,,,WHOLE_ROCK [7597] ,,,,,,,,,,38293.03999999999,,,,,,,,,,,,,,,,,,,,,,,,,,,,,,,,,,,,,,,,,,,,,,,,,,,,,,,,,,,,,,,,,,,,23,,,,,,,,,,,,,239,,,,,,,,,,,,,,,,,,,,,,,,,,,,,0.512879,,,0.703872,,19.026,,15.587,,39.039,,,,,,,,,,,,,,,210726,
[7597],INTRAPLATE VOLCANICS,ARABIAN-NUBIAN SHIELD - CENOZOIC / YEMEN / ADEN REGION,DABAB,12.5,16,44,48,SUBAERIAL,,,s Y38 [7597],BASALT [7597],,5000000 [7597],,,,,,,VOLCANIC ROCK,,,,,WHOLE_ROCK [7597] ,,,,,,,,,,42031.888,,,,,,,,,,,,,,,,,,,,,,,,,,,,,,,,,,,,,,,,,,,,,,,,,,,,,,,,,,,,,,,,,,,,27,,,,,,,,,,,,,240,,,,,,,,,,,,,,,,,,,,,,,,,,,,,0.512873,,,0.703791,,19.022,,15.578,,39.01,,,,,,,,,,,,,,,210727,
[7597],INTRAPLATE VOLCANICS,ARABIAN-NUBIAN SHIELD - CENOZOIC / YEMEN / ADEN REGION,PERIM ISLAND,12.5,16,44,48,SUBAERIAL,,,s P9 [7597],BASALT [7597],,5000000 [7597],,,,,,,VOLCANIC ROCK,,,,,WHOLE_ROCK [7597] ,,,,,,,,,,26955.887999999995,,,,,,,,,,,,,,,,,,,,,,,,,,,,,,,,,,,,,,,,,,,,,,,,,,,,,,,,,,,,,,,,,,,,26,,,,,,,,,,,,,938,,,,,,,,,,,,,,,,,,,,,,,,,,,,,0.512862,,,0.704227,,19.142,,15.567,,39.143,,,,,,,,0.283048,,,,,,,210728,
[7597],INTRAPLATE VOLCANICS,ARABIAN-NUBIAN SHIELD - CENOZOIC / YEMEN / ADEN REGION,PERIM ISLAND,12.5,16,44,48,SUBAERIAL,,,s P33 [7597],BASALT [7597],,5000000 [7597],,,,,,,VOLCANIC ROCK,,,,,WHOLE_ROCK [7597] ,,,,,,,,,,31358.079999999998,,,,,,,,,,,,,,,,,,,,,,,,,,,,,,,,,,,,,,,,,,,,,,,,,,,,,,,,,,,,,,,,,,,,38,,,,,,,,,,,,,527,,,,,,,,,,,,,,,,,,,,,,,,,,,,,0.512828,,,0.704298,,18.683,,15.579,,38.911,,,,,,,,,,,,,,,210729,
[7597],INTRAPLATE VOLCANICS,ARABIAN-NUBIAN SHIELD - CENOZOIC / YEMEN / ADEN REGION,JABAL KHARAZ,12.5,16,44,48,SUBAERIAL,,,s Y74 [7597],BASALT [7597],,5000000 [7597],,,,,,,VOLCANIC ROCK,,,,,WHOLE_ROCK [7597] ,,,,,,,,,,45589.82399999999,,,,,,,,,,,,,,,,,,,,,,,,,,,,,,,,,,,,,,,,,,,,,,,,,,,,,,,,,,,,,,,,,,,,24,,,,,,,,,,,,,211,,,,,,,,,,,,,,,,,,,,,,,,,,,,,0.512841,,,0.703887,,19.276,,15.597,,39.338,,,,,,,,0.283034,,,,,,,210730,
[7597],INTRAPLATE VOLCANICS,ARABIAN-NUBIAN SHIELD - CENOZOIC / YEMEN / ADEN REGION,JABAL KHARAZ,12.5,16,44,48,SUBAERIAL,,,s Y77 [7597],BASALT [7597],,5000000 [7597],,,,,,,VOLCANIC ROCK,,,,,WHOLE_ROCK [7597] ,,,,,,,,,,12241.711999999998,,,,,,,,,,,,,,,,,,,,,,,,,,,,,,,,,,,,,,,,,,,,,,,,,,,,,,,,,,,,,,,,,,,,84,,,,,,,,,,,,,879,,,,,,,,,,,,,,,,,,,,,,,,,,,,,0.51284,,,0.703917,,19.356,,15.608,,39.437,,,,,,,,,,,,,,,210731,
[7597],INTRAPLATE VOLCANICS,ARABIAN-NUBIAN SHIELD - CENOZOIC / YEMEN / ADEN REGION,JABAL KHARAZ,12.5,16,44,48,SUBAERIAL,,,s Y78 [7597],BASALT [7597],,5000000 [7597],,,,,,,VOLCANIC ROCK,,,,,WHOLE_ROCK [7597] ,,,,,,,,,,14714.176,,,,,,,,,,,,,,,,,,,,,,,,,,,,,,,,,,,,,,,,,,,,,,,,,,,,,,,,,,,,,,,,,,,,73,,,,,,,,,,,,,774,,,,,,,,,,,,,,,,,,,,,,,,,,,,,0.51285,,,0.703787,,19.387,,15.627,,39.451,,,,,,,,,,,,,,,210732,
[7597],INTRAPLATE VOLCANICS,ARABIAN-NUBIAN SHIELD - CENOZOIC / YEMEN / ADEN REGION,UM BIRKA,12.5,16,44,48,SUBAERIAL,,,s Y42 [7597],BASALT [7597],,5000000 [7597],,,,,,,VOLCANIC ROCK,,,,,WHOLE_ROCK [7597] ,,,,,,,,,,16945.424,,,,,,,,,,,,,,,,,,,,,,,,,,,,,,,,,,,,,,,,,,,,,,,,,,,,,,,,,,,,,,,,,,,,60,,,,,,,,,,,,,663,,,,,,,,,,,,,,,,,,,,,,,,,,,,,0.512804,,,0.703934,,19.07,,15.611,,39.276,,,,,,,,,,,,,,,210733,
[7597],INTRAPLATE VOLCANICS,ARABIAN-NUBIAN SHIELD - CENOZOIC / YEMEN / ADEN REGION,UM BIRKA,12.5,16,44,48,SUBAERIAL,,,s Y43 [7597],BASALT [7597],,5000000 [7597],,,,,,,VOLCANIC ROCK,,,,,WHOLE_ROCK [7597] ,,,,,,,,,,15256.911999999998,,,,,,,,,,,,,,,,,,,,,,,,,,,,,,,,,,,,,,,,,,,,,,,,,,,,,,,,,,,,,,,,,,,,61,,,,,,,,,,,,,535,,,,,,,,,,,,,,,,,,,,,,,,,,,,,0.512808,,,0.703973,,19.067,,15.614,,39.254,,,,,,,,,,,,,,,210734,
[7597],INTRAPLATE VOLCANICS,ARABIAN-NUBIAN SHIELD - CENOZOIC / YEMEN / ADEN REGION,RAS IMRAN,12.5,16,44,48,SUBAERIAL,,,s Y51 [7597],BASALT [7597],,5000000 [7597],,,,,,,VOLCANIC ROCK,,,,,WHOLE_ROCK [7597] ,,,,,,,,,,20744.575999999997,,,,,,,,,,,,,,,,,,,,,,,,,,,,,,,,,,,,,,,,,,,,,,,,,,,,,,,,,,,,,,,,,,,,35,,,,,,,,,,,,,245,,,,,,,,,,,,,,,,,,,,,,,,,,,,,0.512866,,,0.703517,,19.233,,15.578,,39.169,,,,,,,,,,,,,,,210735,
[7597],INTRAPLATE VOLCANICS,ARABIAN-NUBIAN SHIELD - CENOZOIC / YEMEN / ADEN REGION,RAS IMRAN,12.5,16,44,48,SUBAERIAL,,,s Y52 [7597],BASALT [7597],,5000000 [7597],,,,,,,VOLCANIC ROCK,,,,,WHOLE_ROCK [7597] ,,,,,,,,,,19056.064,,,,,,,,,,,,,,,,,,,,,,,,,,,,,,,,,,,,,,,,,,,,,,,,,,,,,,,,,,,,,,,,,,,,67,,,,,,,,,,,,,516,,,,,,,,,,,,,,,,,,,,,,,,,,,,,0.512849,,,0.703798,,19.197,,15.58,,39.149,,,,,,,,,,,,,,,210736,
[7597],INTRAPLATE VOLCANICS,ARABIAN-NUBIAN SHIELD - CENOZOIC / YEMEN / ADEN REGION,LITTLE ADEN,12.5,16,44,48,SUBAERIAL,,,s Y8 [7597],BASALT [7597],,5000000 [7597],,,,,,,VOLCANIC ROCK,,,,,WHOLE_ROCK [7597] ,,,,,,,,,,15437.823999999999,,,,,,,,,,,,,,,,,,,,,,,,,,,,,,,,,,,,,,,,,,,,,,,,,,,,,,,,,,,,,,,,,,,,104,,,,,,,,,,,,,671,,,,,,,,,,,,,,,,,,,,,,,,,,,,,0.512806,,,0.703912,,,,15.593,,39.181,,,,,,,,,,,,,,,210737,
[7597],INTRAPLATE VOLCANICS,ARABIAN-NUBIAN SHIELD - CENOZOIC / YEMEN / ADEN REGION,LITTLE ADEN,12.5,16,44,48,SUBAERIAL,,,s Y11 [7597],BASALT [7597],,5000000 [7597],,,,,,,VOLCANIC ROCK,,,,,WHOLE_ROCK [7597] ,,,,,,,,,,7960.128,,,,,,,,,,,,,,,,,,,,,,,,,,,,,,,,,,,,,,,,,,,,,,,,,,,,,,,,,,,,,,,,,,,,104,,,,,,,,,,,,,1201,,,,,,,,,,,,,,,,,,,,,,,,,,,,,0.512809,,,0.704017,,19.225,,15.596,,39.186,,,,,,,,,,,,,,,210738,
[7597],INTRAPLATE VOLCANICS,ARABIAN-NUBIAN SHIELD - CENOZOIC / YEMEN / ADEN REGION,LITTLE ADEN,12.5,16,44,48,SUBAERIAL,,,s Y56 [7597],BASALT [7597],,5000000 [7597],,,,,,,VOLCANIC ROCK,,,,,WHOLE_ROCK [7597] ,,,,,,,,,,15920.256,,,,,,,,,,,,,,,,,,,,,,,,,,,,,,,,,,,,,,,,,,,,,,,,,,,,,,,,,,,,,,,,,,,,95,,,,,,,,,,,,,530,,,,,,,,,,,,,,,,,,,,,,,,,,,,,0.512891,,,0.703883,,19.251,,15.591,,39.192,,,,,,,,,,,,,,,210739,
[7597],INTRAPLATE VOLCANICS,ARABIAN-NUBIAN SHIELD - CENOZOIC / YEMEN / ADEN REGION,ADEN,12.5,16,44,48,SUBAERIAL,,,s Y111 [7597],BASALT [7597],,5000000 [7597],,,,,,,VOLCANIC ROCK,,,,,WHOLE_ROCK [7597] ,,,,,,,,,,49630.192,,,,,,,,,,,,,,,,,,,,,,,,,,,,,,,,,,,,,,,,,,,,,,,,,,,,,,,,,,,,,,,,,,,,51,,,,,,,,,,,,,457,,,,,,,,,,,,,,,,,,,,,,,,,,,,,0.512891,,,0.703567,,18.868,,15.552,,38.801,,,,,,,,,,,,,,,210740,
[7597],INTRAPLATE VOLCANICS,ARABIAN-NUBIAN SHIELD - CENOZOIC / YEMEN / ADEN REGION,ADEN,12.5,16,44,48,SUBAERIAL,,,s Y112 [7597],BASALT [7597],,5000000 [7597],,,,,,,VOLCANIC ROCK,,,,,WHOLE_ROCK [7597] ,,,,,,,,,,61811.6,,,,,,,,,,,,,,,,,,,,,,,,,,,,,,,,,,,,,,,,,,,,,,,,,,,,,,,,,,,,,,,,,,,,50,,,,,,,,,,,,,347,,,,,,,,,,,,,,,,,,,,,,,,,,,,,0.512897,,,0.703351,,19.556,,15.617,,39.402,,,,,,,,0.283028,,,,,,,210741,
[7597],INTRAPLATE VOLCANICS,ARABIAN-NUBIAN SHIELD - CENOZOIC / YEMEN / ADEN REGION,ADEN,12.5,16,44,48,SUBAERIAL,,,s Y118 [7597],BASALT [7597],,5000000 [7597],,,,,,,VOLCANIC ROCK,,,,,WHOLE_ROCK [7597] ,,,,,,,,,,71399.936,,,,,,,,,,,,,,,,,,,,,,,,,,,,,,,,,,,,,,,,,,,,,,,,,,,,,,,,,,,,,,,,,,,,55,,,,,,,,,,,,,483,,,,,,,,,,,,,,,,,,,,,,,,,,,,,0.512905,,,0.703752,,18.914,,15.543,,38.792,,,,,,,,0.283055,,,,,,,210742,
[7597],INTRAPLATE VOLCANICS,ARABIAN-NUBIAN SHIELD - CENOZOIC / YEMEN / ADEN REGION,HARRA ES-SAWAD (SHUQRA) VOLCANIC FIELD,13.58,13.58,46.12,46.12,SUBAERIAL,,,s Y121 [7597],BASALT [7597],,5000000 [7597],,,,,,,VOLCANIC ROCK,,,,,WHOLE_ROCK [7597] ,,,,,,,,,,36423.615999999995,,,,,,,,,,,,,,,,,,,,,,,,,,,,,,,,,,,,,,,,,,,,,,,,,,,,,,,,,,,,,,,,,,,,95,,,,,,,,,,,,,590,,,,,,,,,,,,,,,,,,,,,,,,,,,,,0.512944,,,0.703163,,18.646,,15.501,,38.433,,,,,,,,0.283057,,,,,,,210743,
[7597],INTRAPLATE VOLCANICS,ARABIAN-NUBIAN SHIELD - CENOZOIC / YEMEN / ADEN REGION,HARRA ES-SAWAD (SHUQRA) VOLCANIC FIELD,13.58,13.58,46.12,46.12,SUBAERIAL,,,s Y122 [7597],BASALT [7597],,5000000 [7597],,,,,,,VOLCANIC ROCK,,,,,WHOLE_ROCK [7597] ,,,,,,,,,,46253.168,,,,,,,,,,,,,,,,,,,,,,,,,,,,,,,,,,,,,,,,,,,,,,,,,,,,,,,,,,,,,,,,,,,,40,,,,,,,,,,,,,344,,,,,,,,,,,,,,,,,,,,,,,,,,,,,0.512921,,,0.704204,,18.68,,15.553,,38.597,,,,,,,,,,,,,,,210744,
[7597],INTRAPLATE VOLCANICS,ARABIAN-NUBIAN SHIELD - CENOZOIC / YEMEN / ADEN REGION,HARRA ES-SAWAD (SHUQRA) VOLCANIC FIELD,13.58,13.58,46.12,46.12,SUBAERIAL,,,s Y123 [7597],BASALT [7597],,5000000 [7597],,,,,,,VOLCANIC ROCK,,,,,WHOLE_ROCK [7597] ,,,,,,,,,,40162.464,,,,,,,,,,,,,,,,,,,,,,,,,,,,,,,,,,,,,,,,,,,,,,,,,,,,,,,,,,,,,,,,,,,,42,,,,,,,,,,,,,326,,,,,,,,,,,,,,,,,,,,,,,,,,,,,0.512966,,,0.703587,,18.775,,15.516,,38.577,,,,,,,,0.283111,,,,,,,210745,
[9444],INTRAPLATE VOLCANICS,ARABIAN-NUBIAN SHIELD - CENOZOIC / JORDAN / HARRAT ASH SHAAM (SHAMAH) VOLCANIC FIELD / HARRAT EL FAHDA,,32,32.5,37,37.4,SUBAERIAL,,,s HF1 [9444],BASALT [9444],,500000 [9444],,,,,,"MELANOCRATIC, DARK GRAY, FINE-GRAINED [9444] ",VOLCANIC ROCK,,,,,WHOLE_ROCK [9444] ,220582.5765,13365.282,,79228.8747,,13708.24,72755.28,,67396.20999999999,57168.192,1239.1328,,8052.455,24852.2095,1483.8314,,,,,,,,,,,,,,,,3800.,,,,,,,,,,,,,,,,,,,,,,,,,,,,,,237,319,,,,196,78,82,,,,,,40,506,,189,61,,,,,,,,,,,,,237,56,,,,,,,,,,,,,,,,,,,,,,,,,,,,,,,,,,,,,,,,,,,,,,,,,,,,253637,
[9444],INTRAPLATE VOLCANICS,ARABIAN-NUBIAN SHIELD - CENOZOIC / JORDAN / HARRAT ASH SHAAM (SHAMAH) VOLCANIC FIELD / HARRAT EL FAHDA,,32,32.5,37,37.4,SUBAERIAL,,,s HF2 [9444],BASALT [9444],,500000 [9444],,,,,,"MELANOCRATIC, DARK GRAY, FINE-GRAINED [9444] ",VOLCANIC ROCK,,,,,WHOLE_ROCK [9444] ,217731.223,12945.744,,77852.8221,,12659.140000000001,70734.3,,72184.7,53369.03999999999,1239.1328,,7720.395,24036.1668,1440.1893,,,,,,,,,,,,,,,,12500.,,,,,,,,,,,,,,,,,,,,,,,,,,,,,,234,282,,,,172,69,74,,,,,,38,526,,180,58,,,,,,,,,,,,,231,25,,,,,,,,,,,,,,,,,,,,,,,,,,,,,,,,,,,,,,,,,,,,,,,,,,,,253638,
[9444],INTRAPLATE VOLCANICS,ARABIAN-NUBIAN SHIELD - CENOZOIC / JORDAN / HARRAT ASH SHAAM (SHAMAH) VOLCANIC FIELD / HARRAT EL FAHDA,,32,32.5,37,37.4,SUBAERIAL,,,s HF3 [9444],BASALT [9444],,500000 [9444],,,,,,"MELANOCRATIC, DARK GRAY, FINE-GRAINED [9444] ",VOLCANIC ROCK,,,,,WHOLE_ROCK [9444] ,221330.47250000003,11926.866,,79228.8747,,19862.96,65992.77,,66467.1,57891.84,1239.1328,,6558.185,23813.609699999997,1265.6209,,,,,,,,,,,,,,,,6000.,,,,,,,,,,,,,,,,,,,,,,,,,,,,,,214,307,,,,209,58,72,,,,,,39,449,,177,52,,,,,,,,,,,,,185,28,,,,,,,,,,,,,,,,,,,,,,,,,,,,,,,,,,,,,,,,,,,,,,,,,,,,253639,
[9444],INTRAPLATE VOLCANICS,ARABIAN-NUBIAN SHIELD - CENOZOIC / JORDAN / HARRAT ASH SHAAM (SHAMAH) VOLCANIC FIELD / HARRAT EL FAHDA,,32,32.5,37,37.4,SUBAERIAL,,,s HF4 [9444],BASALT [9444],,500000 [9444],,,,,,"MELANOCRATIC, DARK GRAY, FINE-GRAINED [9444] ",VOLCANIC ROCK,,,,,WHOLE_ROCK [9444] ,219741.1935,13245.413999999999,,77376.4962,,14477.579999999998,73299.39,,68182.37999999999,58494.87999999999,851.9038,,7886.424999999999,23887.7954,1745.6840000000002,,,,,,,,,,,,,,,,6500.,,,,,,,,,,,,,,,,,,,,,,,,,,,,,,246,328,,,,205,87,88,,,,,,43,515,,190,65,,,,,,,,,,,,,246,65,,,,,,,,,,,,,,,,,,,,,,,,,,,,,,,,,,,,,,,,,,,,,,,,,,,,253640,
[9444],INTRAPLATE VOLCANICS,ARABIAN-NUBIAN SHIELD - CENOZOIC / JORDAN / HARRAT ASH SHAAM (SHAMAH) VOLCANIC FIELD / HARRAT EL FAHDA,,32,32.5,37,37.4,SUBAERIAL,,,s HF5 [9444],BASALT [9444],,500000 [9444],,,,,,"MELANOCRATIC, DARK GRAY, FINE-GRAINED [9444] ",VOLCANIC ROCK,,,,,WHOLE_ROCK [9444] ,218292.14500000002,16841.453999999998,,77905.74720000001,,13358.539999999999,74543.06999999999,,66824.45,54273.6,1239.1328,,8301.5,22997.567,1658.3998000000001,,,,,,,,,,,,,,,,8000.,,,,,,,,,,,,,,,,,,,,,,,,,,,,,,235,311,,,,198,75,81,,,,,,42,501,,186,61,,,,,,,,,,,,,227,46,,,,,,,,,,,,,,,,,,,,,,,,,,,,,,,,,,,,,,,,,,,,,,,,,,,,253641,
[9444],INTRAPLATE VOLCANICS,ARABIAN-NUBIAN SHIELD - CENOZOIC / JORDAN / HARRAT ASH SHAAM (SHAMAH) VOLCANIC FIELD / HARRAT EL FAHDA,,32,32.5,37,37.4,SUBAERIAL,,,s HF6 [9444],BASALT [9444],,500000 [9444],,,,,,"MELANOCRATIC, DARK GRAY, FINE-GRAINED [9444] ",VOLCANIC ROCK,,,,,WHOLE_ROCK [9444] ,220161.885,11387.46,,78382.07310000001,,15176.98,72522.09,,67467.68,57891.84,1316.5786,,6641.200000000001,24629.6524,1483.8314,,,,,,,,,,,,,,,,5000.,,,,,,,,,,,,,,,,,,,,,,,,,,,,,,229,304,,,,193,69,76,,,,,,38,494,,180,56,,,,,,,,,,,,,219,38,,,,,,,,,,,,,,,,,,,,,,,,,,,,,,,,,,,,,,,,,,,,,,,,,,,,253642,
[9444],INTRAPLATE VOLCANICS,ARABIAN-NUBIAN SHIELD - CENOZOIC / JORDAN / HARRAT ASH SHAAM (SHAMAH) VOLCANIC FIELD / HARRAT EL FAHDA,,32,32.5,37,37.4,SUBAERIAL,,,s HF7 [9444],BASALT [9444],,500000 [9444],,,,,,"MELANOCRATIC, DARK GRAY, FINE-GRAINED [9444] ",VOLCANIC ROCK,,,,,WHOLE_ROCK [9444] ,223807.87800000003,12166.601999999999,,79387.65000000001,,22240.920000000002,70967.49,,69754.72,44323.439999999995,1239.1328,,7886.424999999999,25890.8093,1396.5472,,,,,,,,,,,,,,,,500.,,,,,,,,,,,,,,,,,,,,,,,,,,,,,,199,241,,,,170,50,91,,,,,,30,538,,177,50,,,,,,,,,,,,,237,44,,,,,,,,,,,,,,,,,,,,,,,,,,,,,,,,,,,,,,,,,,,,,,,,,,,,253643,
[9444],INTRAPLATE VOLCANICS,ARABIAN-NUBIAN SHIELD - CENOZOIC / JORDAN / HARRAT ASH SHAAM (SHAMAH) VOLCANIC FIELD / HARRAT EL FAHDA,,32,32.5,37,37.4,SUBAERIAL,,,s HF8 [9444],BASALT [9444],,500000 [9444],,,,,,"MELANOCRATIC, DARK GRAY, FINE-GRAINED [9444] ",VOLCANIC ROCK,,,,,WHOLE_ROCK [9444] ,219834.68050000002,12046.733999999999,,78223.2978,,18254.34,52856.4,,69111.49,56082.72,1161.687,,7554.365000000001,23887.7954,1483.8314,,,,,,,,,,,,,,,,1000.,,,,,,,,,,,,,,,,,,,,,,,,,,,,,,209,349,,,,190,63,89,,,,,,28,476,,170,64,,,,,,,,,,,,,232,32,,,,,,,,,,,,,,,,,,,,,,,,,,,,,,,,,,,,,,,,,,,,,,,,,,,,253644,
[9444],INTRAPLATE VOLCANICS,ARABIAN-NUBIAN SHIELD - CENOZOIC / JORDAN / HARRAT ASH SHAAM (SHAMAH) VOLCANIC FIELD / HARRAT EL FAHDA,,32,32.5,37,37.4,SUBAERIAL,,,s HF9 [9444],BASALT [9444],,500000 [9444],,,,,,"MELANOCRATIC, DARK GRAY, FINE-GRAINED [9444] ",VOLCANIC ROCK,,,,,WHOLE_ROCK [9444] ,220208.62850000002,14923.566,,78540.8484,,17834.699999999997,74232.15000000001,,68325.32,57047.584,1239.1328,,6475.17,21958.9672,1221.9788,,,,,,,,,,,,,,,,400.,,,,,,,,,,,,,,,,,,,,,,,,,,,,,,221,289,,,,196,67,84,,,,,,33,435,,189,66,,,,,,,,,,,,,221,50,,,,,,,,,,,,,,,,,,,,,,,,,,,,,,,,,,,,,,,,,,,,,,,,,,,,253645,
[8371],INTRAPLATE VOLCANICS,ARABIAN-NUBIAN SHIELD - CENOZOIC / YEMEN / SANA^A REGION,,15.35,15.35,44.21,44.21,SUBAERIAL,,,s JB29 [8371],BASALT [8371],,,,QUATERNARY [8371],,,,"PORPHYRITIC, HOLOCRYSTALLINE SERIATE OR CRYPTOCRYSTALLINE GROUNDMASS [8371] ",VOLCANIC ROCK,,,,,WHOLE_ROCK [8371] ,214085.23,13964.622,,85209.41100000001,,,,83637.48,67682.09000000001,49931.71199999999,1432.7473,,7180.7975,29600.0943,2443.9576,,,,,,,,,,,,,,,,-3400.0000000000005,,,,,,,,,,,,,,,,,,,,,,,,,304,,,25.1,,209,179,,,,120,64,78,15.3,,,,,17.2,775,32.2,201,37.4,,,,,,,,,,,,,294,33,72,,36,,,,,,,,,,,,,,,,,,,,,1.7,,2.6,0.776,0.512963,,,0.70333,,18.663,,15.535,,38.541,,,,,,,,,,,,,,,258294,
[8371],INTRAPLATE VOLCANICS,ARABIAN-NUBIAN SHIELD - CENOZOIC / YEMEN / SANA^A REGION,,15.35,15.35,44.21,44.21,SUBAERIAL,,,s JB30 [8371],TRACHYBASALT [8371],,,,QUATERNARY [8371],,,,"PORPHYRITIC, HOLOCRYSTALLINE SERIATE OR CRYPTOCRYSTALLINE GROUNDMASS [8371] ",VOLCANIC ROCK,,,,,WHOLE_ROCK [8371] ,220629.32000000004,13005.677999999998,,86797.16399999999,,,,78507.3,63608.3,46916.511999999995,1394.0244,,8650.163,32270.779499999997,2531.2418,,,,,,,,,,,,,,,,-6100.,,,,,,,,,,,,,,,,,,,,,,,,,330,,,24.8,,196,206,,,,115,56,77,16.6,,,,,22,700,30.4,234,42.2,,,,,,,,,,,,,332,33.5,69.4,,33.8,6.87,2.26,6.54,,5.37,,2.85,,2.52,0.36,,,,,,,,,,,2.2,,3.9,0.822,0.512971,,,0.70325,,18.765,,15.617,,38.946,,,,,,,,,,,,,,,258295,
[8371],INTRAPLATE VOLCANICS,ARABIAN-NUBIAN SHIELD - CENOZOIC / YEMEN / SANA^A REGION,,15.35,15.35,44.21,44.21,SUBAERIAL,,,s JB33 [8371],TRACHYBASALT [8371],,,,QUATERNARY [8371],,,,"PORPHYRITIC, HOLOCRYSTALLINE SERIATE OR CRYPTOCRYSTALLINE GROUNDMASS [8371] ",VOLCANIC ROCK,,,,,WHOLE_ROCK [8371] ,218759.58000000002,13245.413999999999,,87326.41500000001,,,,83637.48,60177.74,46735.6,1425.00272,,8193.5805,32790.079399999995,2443.9576,,,,,,,,,,,,,,,,-5400.,,,,,,,,,,,,,,,,,,,,,,,,,256,,,24,,212,145,,,,116,60,77,16.9,,,,,19.1,710,29.6,210,36.2,,,,,,,,,,,,,306,30,64,,31,,,,,,,,,,,,,,,,,,,,,1.9,,3.1,,,,,0.70338,,,,,,,,,,,,,,,,,,,,,258296,
