Citations,Tectonic Setting,Location,Location Comment,Latitude (Min),Latitude (Max),Longitude (Min),Longitude (Max),Land or Sea,Elevation (Min),Elevation (Max),Sample Name,Rock Name,"Age (a, Min)","Age (a, Max)",Geol,Age,Eruption Day,Eruption Month,Eruption Year,Rock Texture,Rock Type,Drill Depth (Min),Drill Depth (Max),Alteration,Mineral,Material,Si,Ti,B,Al,Cr,Fe3+,Fe2+,Fetot(2+),Ca,Mg,Mn,Ni,K,Na,P,H2O,H2OP,H2OM,H2Otot,CO2,CO,F,Cl,Cl2,OH,CH4,SO2,SO3,SO4,S,LOI,Volatiles,O,Others,HE(CCM/G),HE(CCMSTP/G),HE3(CCMSTP/G),HE3(AT/G),HE4(CCM/G),HE4(CCMSTP/G),HE4(AT/G),HE4(MOLE/G),HE4(NCC/G),HE(NCC/G),Li,Be,B,C,CO2,F,Na,Mg,Al,P,S,Cl,K,Ca,Sc,Ti,V,Cr,Mn,Fe,Co,Ni,Cu,Zn,Ga,Ge,As,Se,Br,Rb,Sr,Y,Zr,Nb,Mo,Ru,Rh,Pd,Ag,Cd,In,Sn,Sb,Te,I,Cs,Ba,La,Ce,Pr,Nd,Sm,Eu,Gd,Tb,Dy,Ho,Er,Tm,Yb,Lu,Hf,Ta,W,Re,Os,Ir,Pt,Au,Hg,Tl,Pb,Bi,Th,U,Nd143/Nd144,Nd143/Nd144 initial,e Nd,Sr87/Sr86,SR87_SR86_INI,PB206_PB204,PB206_PB204_INI,PB207_PB204,PB207_PB204_INI,PB208_PB204,PB208_PB204_INI,OS184_OS188,OS186_OS188,OS187_OS186,OS187_OS188,RE187_OS186,RE187_OS188,HF176_HF177,HE3_HE4,HE3_HE4(R/R(A)),HE4_HE3,HE4_HE3(R/R(A)),K40_AR40,AR40_K40,Unique Id,
[12792],INTRAPLATE VOLCANICS,BAIKAL-PATOM REGION / NORTH BAIKAL VOLCANOPLUTONIC BELT / SOUTHERN NORTH BAIKAL VOLCANOPLUTONIC BELT / AKITKAN GROUP,ZAVOROTNY AREA,54.32,54.32,108.42,108.42,SUBAERIAL,,,s 01021 [12792],RHYOLITE [12792],,,PALEO [12792],PROTEROZOIC [12792],,,,PORPHYRITIC [12792] ,VOLCANIC ROCK,,,,,WHOLE_ROCK [12792] ,344826.7995,2337.426,,65097.87300000001,,7203.820000000001,21453.48,,6003.48,1025.1680000000001,464.6748,,40511.32,21513.853,305.4947,300.,,,,1800.,,,,,,,,,,,9600.,,,,,,,,,,,,,,,,,,,,,,,,,,,,9.2,,7.1,96,,,3.2,6.4,,,,,,,,171,104,48,290,17,,,,,,,,,,,,,1656,78.96,149.92,18.06,67.15,11.95,1.65,9.18,1.36,8.89,1.81,5.15,0.72,4.57,0.78,8.33,1.23,,,,,,,,,,,20.53,5.46,,,,,,,,,,,,,,,,,,,,,,,,,512839,
[12792],INTRAPLATE VOLCANICS,BAIKAL-PATOM REGION / NORTH BAIKAL VOLCANOPLUTONIC BELT / SOUTHERN NORTH BAIKAL VOLCANOPLUTONIC BELT / AKITKAN GROUP,ZAVOROTNY AREA,54.32,54.32,108.42,108.42,SUBAERIAL,,,s 01022 [12792],RHYOLITE [12792],,,PALEO [12792],PROTEROZOIC [12792],,,,PORPHYRITIC [12792] ,VOLCANIC ROCK,,,,,WHOLE_ROCK [12792] ,326550.091,2457.294,,78064.5225,,3497.,25961.82,,6003.48,1206.08,464.6748,,26564.800000000003,36944.4786,261.8526,200.,,,,5000.,,,,,,,,,,,8700.,,,,,,,,,,,,,,,,,,,,,,,,,,,,4.4,,7.8,0,,,2.5,3.6,,,,,,,,106,86,88,524,38,,,,,,,,,,,,,1707,119.95,249.3,30.73,96.298,16.967,3.19,13,2.04,11.75,2.39,7.2,1.02,6.33,1.11,14.58,3.24,,,,,,,,,,,17.21,4.56,0.511218,,,,,,,,,,,,,,,,,,,,,,,,512840,
[12792],INTRAPLATE VOLCANICS,BAIKAL-PATOM REGION / NORTH BAIKAL VOLCANOPLUTONIC BELT / SOUTHERN NORTH BAIKAL VOLCANOPLUTONIC BELT / AKITKAN GROUP,ZAVOROTNY AREA,54.32,54.32,108.42,108.42,SUBAERIAL,,,s 01025 [12792],RHYOLITE [12792],,,PALEO [12792],PROTEROZOIC [12792],,,,PORPHYRITIC [12792] ,VOLCANIC ROCK,,,,,WHOLE_ROCK [12792] ,332720.23300000007,3296.37,,66156.375,,8252.92,25650.899999999998,,11006.380000000001,1809.12,542.1206000000001,,39349.11,19436.6534,567.3473,1000.,,,,2300.,,,,,,,,,,,12200.,,,,,,,,,,,,,,,,,,,,,,,,,,,,7.7,,45,20,,,6.1,5.1,,,,,,,,172,133,45,283,17,,,,,,,,,,,,,1577,80.18,152.83,18.22,65.77,10.88,1.69,8.9,1.4,8.56,1.81,5.24,0.67,4.63,0.63,8.2,1.25,,,,,,,,,,,20.24,5.15,,,,,,,,,,,,,,,,,,,,,,,,,512841,
[12792],INTRAPLATE VOLCANICS,BAIKAL-PATOM REGION / NORTH BAIKAL VOLCANOPLUTONIC BELT / SOUTHERN NORTH BAIKAL VOLCANOPLUTONIC BELT / AKITKAN GROUP,ZAVOROTNY AREA,54.32,54.32,108.42,108.42,SUBAERIAL,,,s 01042 [12792],RHYOLITE [12792],,,PALEO [12792],PROTEROZOIC [12792],,,,PORPHYRITIC [12792] ,VOLCANIC ROCK,,,,,WHOLE_ROCK [12792] ,331130.954,3296.37,,68008.7535,,11959.74,25573.170000000002,,10720.5,3678.544,619.5664,,38601.975000000006,17136.8967,349.1368,2500.,,,,2600.,,,,,,,,,,,13799.999999999998,,,,,,,,,,,,,,,,,,,,,,,,,,,,9.3,,13,8,,,3.1,9.4,,,,,,,,144,105,78,446,29,,,,,,,,,,,,,2398,140.41,258.1,32.71,120.85,20.18,4.01,17.15,2.46,13.82,2.83,9.03,1.16,7.41,1.24,12.19,2.31,,,,,,,,,,,17.94,4.28,,,,,,,,,,,,,,,,,,,,,,,,,512842,
[12792],INTRAPLATE VOLCANICS,BAIKAL-PATOM REGION / NORTH BAIKAL VOLCANOPLUTONIC BELT / SOUTHERN NORTH BAIKAL VOLCANOPLUTONIC BELT / AKITKAN GROUP,ZAVOROTNY AREA,54.32,54.32,108.42,108.42,SUBAERIAL,,,s 01047 [12792],RHYOLITE [12792],,,PALEO [12792],PROTEROZOIC [12792],,,,PORPHYRITIC [12792] ,VOLCANIC ROCK,,,,,WHOLE_ROCK [12792] ,335337.869,2337.426,,68008.7535,,5035.679999999999,24096.3,,5717.6,4040.368,464.6748,,43665.89,18768.982099999997,218.21050000000002,700.0000000000001,,,,3300.,,,,,,,,,,,13899.999999999998,,,,,,,,,,,,,,,,,,,,,,,,,,,,5.5,,9.1,13,,,3.1,3.5,,,,,,,,156,67,74,409,22,,,,,,,,,,,,,2095,113.86,217.4,26.26,98.71,16.75,3.07,13.73,2.25,13.52,2.8,8.06,1.05,6.71,1.12,11.48,1.24,,,,,,,,,,,16.92,4.86,,,,,,,,,,,,,,,,,,,,,,,,,512843,
[12792],INTRAPLATE VOLCANICS,BAIKAL-PATOM REGION / NORTH BAIKAL VOLCANOPLUTONIC BELT / SOUTHERN NORTH BAIKAL VOLCANOPLUTONIC BELT / AKITKAN GROUP,ZAVOROTNY AREA,54.32,54.32,108.42,108.42,SUBAERIAL,,,s 01028 [12792],RHYOLITE [12792],,,PALEO [12792],PROTEROZOIC [12792],,,,PORPHYRITIC [12792] ,VOLCANIC ROCK,,,,,WHOLE_ROCK [12792] ,335431.356,2397.36,,65415.4236,,5105.62,27516.420000000002,,10005.8,1206.08,619.5664,,36194.54,22329.895699999997,305.4947,0,,,,4500.,,,,,,,,,,,11200.000000000002,,,,,,,,,,,,,,,,,,,,,,,,,,,,4.8,,5.7,0,,,2.8,5.7,,,,,,,,122,66,91,564,31,,,,,,,,,,,,,1596,115.92,240.25,31.56,109.7,22.02,3.01,13.37,2.22,12.17,2.72,8.15,1.15,6.82,1.22,14.6,1.51,,,,,,,,,,,18.75,5.14,,,,,,,,,,,,,,,,,,,,,,,,,512844,
[12792],INTRAPLATE VOLCANICS,BAIKAL-PATOM REGION / NORTH BAIKAL VOLCANOPLUTONIC BELT / SOUTHERN NORTH BAIKAL VOLCANOPLUTONIC BELT / AKITKAN GROUP,ZAVOROTNY AREA,54.32,54.32,108.42,108.42,SUBAERIAL,,,s 01036 [12792],RHYOLITE [12792],,,PALEO [12792],PROTEROZOIC [12792],,,,PORPHYRITIC [12792] ,VOLCANIC ROCK,,,,,WHOLE_ROCK [12792] ,337488.07000000007,2876.832,,66579.7758,,9791.599999999999,22308.510000000002,,10005.8,2412.16,619.5664,,41756.545000000006,17952.9394,436.42100000000005,200.,,,,1200.,,,,,,,,,,,10800.,,,,,,,,,,,,,,,,,,,,,,,,,,,,7,,36,9.2,,,4,4.6,,,,,,,,173,123,47,375,17,,,,,,,,,,,,,1652,82.72,157.86,19.32,67.18,11.11,1.82,9.86,1.58,8.71,1.85,5.83,0.79,5.31,0.78,11.66,1.38,,,,,,,,,,,25.78,6.61,,,,,,,,,,,,,,,,,,,,,,,,,512845,
[12792],INTRAPLATE VOLCANICS,BAIKAL-PATOM REGION / NORTH BAIKAL VOLCANOPLUTONIC BELT / SOUTHERN NORTH BAIKAL VOLCANOPLUTONIC BELT / AKITKAN GROUP,ZAVOROTNY AREA,54.32,54.32,108.42,108.42,SUBAERIAL,,,s 05035 [12792],RHYOLITE [12792],,,PALEO [12792],PROTEROZOIC [12792],,,,PORPHYRITIC [12792] ,VOLCANIC ROCK,,,,,WHOLE_ROCK [12792] ,335431.356,2697.0299999999997,,62451.61800000001,,12309.44,20909.37,,10291.68,2532.7679999999996,619.5664,,39100.065,20475.2532,305.4947,2000.,,,,1100.,,,,,,,,,,,12200.,,,,,,,,,,,,,,,,,,,,,,,,,,,,12,,8,9.3,,,2.4,8.7,,,,,,,,157,92,39,337,17,,,,,,,,,,,,,1839,78.47,158.71,20.43,68.65,12.26,1.96,9.27,1.25,8.37,1.78,4.92,0.67,4.39,0.85,10.53,2.02,,,,,,,,,,,23.63,7,,,,,,,,,,,,,,,,,,,,,,,,,512846,
[12792],INTRAPLATE VOLCANICS,BAIKAL-PATOM REGION / NORTH BAIKAL VOLCANOPLUTONIC BELT / SOUTHERN NORTH BAIKAL VOLCANOPLUTONIC BELT / AKITKAN GROUP,ZAVOROTNY AREA,54.32,54.32,108.42,108.42,SUBAERIAL,,,s 05033 [12792],DACITE [12792],,,PALEO [12792],PROTEROZOIC [12792],,,,PORPHYRITIC [12792] ,VOLCANIC ROCK,,,,,WHOLE_ROCK [12792] ,306029.69450000004,4854.654,,62081.14230000001,,21051.94,29615.13,,22513.05,12543.232,851.9038,,36111.524999999994,23368.495499999997,610.9894,2800.0000000000005,,,,1100.,,,,,,,,,,,18800.,,,,,,,,,,,,,,,,,,,,,,,,,,,,18,,60,56,,,19,53,,,,,,,,118,173,57,374,19,,,,,,,,,,,,,2126,78.7,155.23,20.11,75.33,12.55,2.53,9.86,1.65,9.39,1.98,6.08,1.08,4.23,0.79,9.97,0.94,,,,,,,,,,,13.08,3.25,,,,,,,,,,,,,,,,,,,,,,,,,512847,
[12792],INTRAPLATE VOLCANICS,BAIKAL-PATOM REGION / NORTH BAIKAL VOLCANOPLUTONIC BELT / SOUTHERN NORTH BAIKAL VOLCANOPLUTONIC BELT / AKITKAN GROUP,SREDNII KEDROVY AREA,55.68,55.68,108.5,108.5,SUBAERIAL,,,s 0376 [12792],RHYOLITE [12792],,,PALEO [12792],PROTEROZOIC [12792],,,,PORPHYRITIC [12792] ,VOLCANIC ROCK,,,,,WHOLE_ROCK [12792] ,338235.966,3236.436,,66685.626,,11540.099999999999,20054.34,,9862.859999999999,2773.984,387.22900000000004,,36609.615,24778.0238,567.3473,2700.,,,,,,,,,,,,,,,7100.,,,,,,,,,,,,,,,,,,,,,,,,,,,,11,,26,7.8,,,6.2,9.8,,,,,,,,152,164,32,288,12,,,,,,,,,,,,,1813,61.81,114.97,13.43,40.652,6.923,1.57,5.79,0.92,4.56,1.02,3.23,0.31,2.93,0.47,7.4,0.77,,,,,,,,,,,18.2,4.9,0.511027,,,,,,,,,,,,,,,,,,,,,,,,512848,
[12792],INTRAPLATE VOLCANICS,BAIKAL-PATOM REGION / NORTH BAIKAL VOLCANOPLUTONIC BELT / SOUTHERN NORTH BAIKAL VOLCANOPLUTONIC BELT / AKITKAN GROUP,SREDNII KEDROVY AREA,55.68,55.68,108.5,108.5,SUBAERIAL,,,s 0382 [12792],RHYOLITE [12792],,,PALEO [12792],PROTEROZOIC [12792],,,,PORPHYRITIC [12792] ,VOLCANIC ROCK,,,,,WHOLE_ROCK [12792] ,325428.24700000003,3596.0399999999995,,69067.25550000001,,16365.96,20520.72,,13722.24,4402.192,387.22900000000004,,36858.66,23442.6812,523.7052,1300.,,,,,,,,,,,,,,,8700.,,,,,,,,,,,,,,,,,,,,,,,,,,,,8.8,,13,0,,,4.8,9.9,,,,,,,,152,177,30,246,11,,,,,,,,,,,,,1456,53.29,104.3,12.65,42.81,7.06,1.43,5.18,0.77,4.35,0.9,2.75,0.42,2.37,0.44,7.62,0.78,,,,,,,,,,,13.8,3.81,,,,,,,,,,,,,,,,,,,,,,,,,512849,
[12792],INTRAPLATE VOLCANICS,BAIKAL-PATOM REGION / NORTH BAIKAL VOLCANOPLUTONIC BELT / SOUTHERN NORTH BAIKAL VOLCANOPLUTONIC BELT / AKITKAN GROUP,SREDNII KEDROVY AREA,55.68,55.68,108.5,108.5,SUBAERIAL,,,s 0383 [12792],RHYOLITE [12792],,,PALEO [12792],PROTEROZOIC [12792],,,,PORPHYRITIC [12792] ,VOLCANIC ROCK,,,,,WHOLE_ROCK [12792] ,343658.212,2397.36,,60334.614,,8182.98,18655.2,,15080.169999999998,4160.976,232.3374,,32375.85,21365.4816,349.1368,900.,,,,5000.,,,,,,,,,,,9900.,,,,,,,,,,,,,,,,,,,,,,,,,,,,6.2,,16,0,,,5.3,4.2,,,,,,,,120,188,24,220,8,,,,,,,,,,,,,1460,44.82,90.99,10.48,33.79,5.6,1.27,4.18,0.59,3.58,0.74,2.34,0.35,2.05,0.37,7.14,0.63,,,,,,,,,,,13.04,4.43,,,,,,,,,,,,,,,,,,,,,,,,,512850,
[12792],INTRAPLATE VOLCANICS,BAIKAL-PATOM REGION / NORTH BAIKAL VOLCANOPLUTONIC BELT / SOUTHERN NORTH BAIKAL VOLCANOPLUTONIC BELT / AKITKAN GROUP,KHIBELEN AREA,54.67,55.68,108.5,108.5,SUBAERIAL,,,s 0234 [12792],RHYOLITE [12792],,,PALEO [12792],PROTEROZOIC [12792],,,,PORPHYRITIC [12792] ,VOLCANIC ROCK,,,,,WHOLE_ROCK [12792] ,323932.455,4015.578,,77535.2715,,,,26894.579999999998,4502.61,5246.447999999999,232.3374,,43416.845,14095.283,698.2736,,,,,,,,,,,,,,,,22200.000000000004,,,,,,,,,,,,,,,,,,,,,,,,,,,,5.3,,31,38,,,7.1,5.1,,,,,,,,234,121,11,575,19,,,,,,,,,,,,,1580,154.25,316.85,31.02,92.317,11.238,1.75,6.05,0.69,2.65,0.4,0.97,0.16,0.69,0.1,14.09,1.05,,,,,,,,,,,47,6.03,0.510839,,,,,,,,,,,,,,,,,,,,,,,,512851,
[12792],INTRAPLATE VOLCANICS,BAIKAL-PATOM REGION / NORTH BAIKAL VOLCANOPLUTONIC BELT / SOUTHERN NORTH BAIKAL VOLCANOPLUTONIC BELT / AKITKAN GROUP,KHIBELEN AREA,54.67,55.68,108.5,108.5,SUBAERIAL,,,s 05097 [12792],RHYOLITE [12792],,,PALEO [12792],PROTEROZOIC [12792],,,,PORPHYRITIC [12792] ,VOLCANIC ROCK,,,,,WHOLE_ROCK [12792] ,322483.4065,4195.379999999999,,70813.7838,,13288.599999999999,14690.97,,8290.519999999999,9166.207999999999,309.7832,,32043.789999999997,22997.567,741.9157,2700.,,,,2200.,,,,,,,,,,,24900.000000000004,,,,,,,,,,,,,,,,,,,,,,,,,,,,4.2,,21,0,,,5.8,7.2,,,,,,,,180,165,11,515,17,,,,,,,,,,,,,1335,177.77,326.51,39.1,108.83,13.12,1.91,6.68,0.71,3.09,0.51,1.13,0.15,0.88,0.15,16.24,1.31,,,,,,,,,,,50.76,6.23,,,,,,,,,,,,,,,,,,,,,,,,,512852,
[12792],INTRAPLATE VOLCANICS,BAIKAL-PATOM REGION / NORTH BAIKAL VOLCANOPLUTONIC BELT / SOUTHERN NORTH BAIKAL VOLCANOPLUTONIC BELT / AKITKAN GROUP,KHIBELEN AREA,54.67,55.68,108.5,108.5,SUBAERIAL,,,s 05098 [12792],RHYOLITE [12792],,,PALEO [12792],PROTEROZOIC [12792],,,,PORPHYRITIC [12792] ,VOLCANIC ROCK,,,,,WHOLE_ROCK [12792] ,322483.4065,4315.248,,68802.63,,20072.780000000002,10804.47,,7289.9400000000005,9347.119999999999,309.7832,,39764.185,12389.0119,741.9157,3500.,,,,2200.,,,,,,,,,,,28500.,,,,,,,,,,,,,,,,,,,,,,,,,,,,4,,39,13,,,6.9,9.2,,,,,,,,215,111,10,456,16,,,,,,,,,,,,,1504,148.3,278.74,31.14,97.5,10.24,1.53,5.3,0.65,2.24,0.42,0.8,0.13,0.35,0.08,11.25,0.72,,,,,,,,,,,48.8,5.97,,,,,,,,,,,,,,,,,,,,,,,,,512853,
[12792],INTRAPLATE VOLCANICS,BAIKAL-PATOM REGION / NORTH BAIKAL VOLCANOPLUTONIC BELT / SOUTHERN NORTH BAIKAL VOLCANOPLUTONIC BELT / AKITKAN GROUP,KHIBELEN AREA,54.67,55.68,108.5,108.5,SUBAERIAL,,,s 05099 [12792],RHYOLITE [12792],,,PALEO [12792],PROTEROZOIC [12792],,,,PORPHYRITIC [12792] ,VOLCANIC ROCK,,,,,WHOLE_ROCK [12792] ,322483.4065,4255.313999999999,,72772.0125,,13218.66,13835.94,,9434.04,9045.599999999999,387.22900000000004,,31462.685,21365.4816,741.9157,1700.0000000000002,,,,2200.,,,,,,,,,,,24800.,,,,,,,,,,,,,,,,,,,,,,,,,,,,3.5,,37,8.7,,,4.8,3.3,,,,,,,,182,184,9,481,16,,,,,,,,,,,,,1180,159.81,299.11,33.21,99.85,10.38,1.41,5.16,0.54,2.33,0.32,1.08,0.15,0.48,0.08,11.85,0.8,,,,,,,,,,,46.43,6.77,,,,,,,,,,,,,,,,,,,,,,,,,512854,
[12792],INTRAPLATE VOLCANICS,BAIKAL-PATOM REGION / NORTH BAIKAL VOLCANOPLUTONIC BELT / SOUTHERN NORTH BAIKAL VOLCANOPLUTONIC BELT / AKITKAN GROUP,KHIBELEN AREA,54.67,55.68,108.5,108.5,SUBAERIAL,,,s 05100 [12792],RHYOLITE [12792],,,PALEO [12792],PROTEROZOIC [12792],,,,PORPHYRITIC [12792] ,VOLCANIC ROCK,,,,,WHOLE_ROCK [12792] ,317809.0565,4315.248,,73301.2635,,13148.72,12125.880000000001,,7432.88,10673.807999999999,309.7832,,46737.445,10089.2552,741.9157,4200.,,,,2200.,,,,,,,,,,,29500.,,,,,,,,,,,,,,,,,,,,,,,,,,,,2.9,,22,6.7,,,5.2,2.9,,,,,,,,282,116,13,535,17,,,,,,,,,,,,,2149,176.99,326.37,35.4,108.53,12.01,1.6,5.94,0.64,3.28,0.43,1.24,0.18,0.49,0.12,12.81,0.83,,,,,,,,,,,49.65,7.41,0.51079,,,,,,,,,,,,,,,,,,,,,,,,512855,
[12792],INTRAPLATE VOLCANICS,BAIKAL-PATOM REGION / NORTH BAIKAL VOLCANOPLUTONIC BELT / SOUTHERN NORTH BAIKAL VOLCANOPLUTONIC BELT / AKITKAN GROUP,SVETLY AREA,54.67,55.68,108.5,108.5,SUBAERIAL,,,s 0218 [12792],RHYOLITE [12792],,,PALEO [12792],PROTEROZOIC [12792],,,,PORPHYRITIC [12792] ,VOLCANIC ROCK,,,,,WHOLE_ROCK [12792] ,323651.994,2756.964,,73565.88900000001,,11959.74,21997.59,,8504.93,3799.1519999999996,387.22900000000004,,44579.055,24481.281,349.1368,1400.0000000000002,,,,6600.,,,,,,,,,,,8900.,,,,,,,,,,,,,,,,,,,,,,,,,,,,4,,5.2,6.3,,,3.9,6.6,,,,,,,,237,51,108,639,63,,,,,,,,,,,,,943,144.38,263.72,34.33,121.53,22.46,2.39,15.67,2.47,14.78,3.06,8.75,1.35,8.88,1.42,18.34,2.06,,,,,,,,,,,31.29,8.83,,,,,,,,,,,,,,,,,,,,,,,,,512856,
[12792],INTRAPLATE VOLCANICS,BAIKAL-PATOM REGION / NORTH BAIKAL VOLCANOPLUTONIC BELT / SOUTHERN NORTH BAIKAL VOLCANOPLUTONIC BELT / AKITKAN GROUP,SVETLY AREA,54.67,55.68,108.5,108.5,SUBAERIAL,,,s 0219 [12792],RHYOLITE [12792],,,PALEO [12792],PROTEROZOIC [12792],,,,PORPHYRITIC [12792] ,VOLCANIC ROCK,,,,,WHOLE_ROCK [12792] ,325007.5555,2637.096,,73565.88900000001,,10840.7,18266.55,,6074.95,3980.064,232.3374,,44911.115,26929.409099999997,349.1368,2100.,,,,2200.,,,,,,,,,,,12200.,,,,,,,,,,,,,,,,,,,,,,,,,,,,5,,6,7.5,,,3.5,5.8,,,,,,,,237,70,99,642,55,,,,,,,,,,,,,925,150.24,286.88,34.55,103.808,18.327,2.19,17.2,2.89,18.11,3.62,11.08,1.85,9.95,1.59,17.96,3.4,,,,,,,,,,,38.78,9.07,0.511352,,,,,,,,,,,,,,,,,,,,,,,,512857,
[12792],INTRAPLATE VOLCANICS,BAIKAL-PATOM REGION / NORTH BAIKAL VOLCANOPLUTONIC BELT / SOUTHERN NORTH BAIKAL VOLCANOPLUTONIC BELT / AKITKAN GROUP,SVETLY AREA,54.67,55.68,108.5,108.5,SUBAERIAL,,,s 0221 [12792],RHYOLITE [12792],,,PALEO [12792],PROTEROZOIC [12792],,,,PORPHYRITIC [12792] ,VOLCANIC ROCK,,,,,WHOLE_ROCK [12792] ,324633.60750000004,2816.8979999999997,,71978.136,,11120.460000000001,17722.44,,11578.140000000001,2351.8559999999998,387.22900000000004,,45243.175,25742.4379,349.1368,1900.,,,,6600.,,,,,,,,,,,10500.,,,,,,,,,,,,,,,,,,,,,,,,,,,,6.7,,6.2,8.4,,,3.2,6.9,,,,,,,,256,68,101,655,64,,,,,,,,,,,,,949,125.75,258.06,31.49,108.75,20.76,2.34,14.01,2.35,14.28,2.78,8.42,1.28,8.21,1.41,17.91,4.64,,,,,,,,,,,28.1,10.17,,,,,,,,,,,,,,,,,,,,,,,,,512858,
[12792],INTRAPLATE VOLCANICS,BAIKAL-PATOM REGION / NORTH BAIKAL VOLCANOPLUTONIC BELT / SOUTHERN NORTH BAIKAL VOLCANOPLUTONIC BELT / AKITKAN GROUP,SVETLY AREA,54.67,55.68,108.5,108.5,SUBAERIAL,,,s 0222 [12792],RHYOLITE [12792],,,PALEO [12792],PROTEROZOIC [12792],,,,PORPHYRITIC [12792] ,VOLCANIC ROCK,,,,,WHOLE_ROCK [12792] ,324446.6335,2816.8979999999997,,74624.391,,14267.76,13991.4,,9505.51,2170.944,387.22900000000004,,43582.875,27671.266099999997,349.1368,1900.,,,,1100.,,,,,,,,,,,10100.,,,,,,,,,,,,,,,,,,,,,,,,,,,,7.1,,5.4,11,,,2.9,2.6,,,,,,,,199,81,76,636,59,,,,,,,,,,,,,986,95.15,192.83,26.19,95.34,15.99,2.01,14.16,2.06,14.51,3.01,9.31,1.63,8.52,1.47,20.42,4.99,,,,,,,,,,,31.59,12.42,,,,,,,,,,,,,,,,,,,,,,,,,512859,
[12792],INTRAPLATE VOLCANICS,BAIKAL-PATOM REGION / NORTH BAIKAL VOLCANOPLUTONIC BELT / SOUTHERN NORTH BAIKAL VOLCANOPLUTONIC BELT / AKITKAN GROUP,KUNERMA AREA,55.68,55.68,108.5,108.53,SUBAERIAL,,,s 0282 [12792],RHYOLITE [12792],,,PALEO [12792],PROTEROZOIC [12792],,,,PORPHYRITIC [12792] ,VOLCANIC ROCK,,,,,WHOLE_ROCK [12792] ,323371.53300000005,3116.5679999999998,,77270.64600000001,,17764.760000000002,12436.800000000001,,11149.32,3618.24,232.3374,,40843.38,28413.1231,480.0631,1400.0000000000002,,,,0,,,,,,,,,,,8100.000000000001,,,,,,,,,,,,,,,,,,,,,,,,,,,,9.2,,12,9.3,,,3.2,4.2,,,,,,,,196,78,88,663,64,,,,,,,,,,,,,995,120.13,248.94,28.74,94.68,17.79,2.11,12.05,2.05,12.43,2.51,7.3,1.2,8.18,1.19,17.29,4.58,,,,,,,,,,,33.63,10.73,,,,,,,,,,,,,,,,,,,,,,,,,512860,
[12792],INTRAPLATE VOLCANICS,BAIKAL-PATOM REGION / NORTH BAIKAL VOLCANOPLUTONIC BELT / SOUTHERN NORTH BAIKAL VOLCANOPLUTONIC BELT / AKITKAN GROUP,KUNERMA AREA,55.68,55.68,108.5,108.53,SUBAERIAL,,,s 0284 [12792],DACITE [12792],,,PALEO [12792],PROTEROZOIC [12792],,,,PORPHYRITIC [12792] ,VOLCANIC ROCK,,,,,WHOLE_ROCK [12792] ,317014.417,2996.7,,75682.89300000001,,10351.119999999999,23552.19,,14294,3196.112,619.5664,,44994.13,24629.6524,480.0631,700.0000000000001,,,,1100.,,,,,,,,,,,9000.,,,,,,,,,,,,,,,,,,,,,,,,,,,,7.9,,11,6.1,,,3.8,8.2,,,,,,,,232,93,92,717,63,,,,,,,,,,,,,1153,116.12,233.47,27.39,91.85,17.84,2.33,11.52,1.91,11.96,2.36,6.78,0.98,6.85,1.18,16.61,3.9,,,,,,,,,,,25.84,8.49,,,,,,,,,,,,,,,,,,,,,,,,,512861,
[12792],INTRAPLATE VOLCANICS,BAIKAL-PATOM REGION / NORTH BAIKAL VOLCANOPLUTONIC BELT / SOUTHERN NORTH BAIKAL VOLCANOPLUTONIC BELT / AKITKAN GROUP,KUNERMA AREA,55.68,55.68,108.5,108.53,SUBAERIAL,,,s 0285 [12792],RHYOLITE [12792],,,PALEO [12792],PROTEROZOIC [12792],,,,PORPHYRITIC [12792] ,VOLCANIC ROCK,,,,,WHOLE_ROCK [12792] ,318884.157,2816.8979999999997,,74359.76550000001,,12449.32,19587.96,,13936.65,2532.7679999999996,542.1206000000001,,45409.204999999994,26855.2234,436.42100000000005,300.,,,,1100.,,,,,,,,,,,7500.,,,,,,,,,,,,,,,,,,,,,,,,,,,,6.3,,12,0,,,3,7.3,,,,,,,,222,95,87,764,54,,,,,,,,,,,,,1085,140.22,260.66,30.26,85.422,14.989,2.53,14.61,2.52,16.37,3.37,9.71,1.64,9.54,1.52,20.88,3.57,,,,,,,,,,,43.11,11.03,0.511394,,,,,,,,,,,,,,,,,,,,,,,,512862,
[12792],INTRAPLATE VOLCANICS,BAIKAL-PATOM REGION / NORTH BAIKAL VOLCANOPLUTONIC BELT / SOUTHERN NORTH BAIKAL VOLCANOPLUTONIC BELT / AKITKAN GROUP,KUNERMA AREA,55.68,55.68,108.5,108.53,SUBAERIAL,,,s 0287 [12792],DACITE [12792],,,PALEO [12792],PROTEROZOIC [12792],,,,PORPHYRITIC [12792] ,VOLCANIC ROCK,,,,,WHOLE_ROCK [12792] ,316920.93,3056.634,,75153.64199999999,,12449.32,19587.96,,12864.6,2894.5919999999996,619.5664,,43914.935,27745.4518,436.42100000000005,1800.,,,,1100.,,,,,,,,,,,10500.,,,,,,,,,,,,,,,,,,,,,,,,,,,,7.5,,16,0,,,3.5,6,,,,,,,,217,82,85,651,62,,,,,,,,,,,,,1150,108.96,220.67,25.24,85.2,14.57,2.08,12.4,1.95,12.41,2.8,8.84,1.23,7.58,1.22,19.12,6.23,,,,,,,,,,,34.01,10.51,,,,,,,,,,,,,,,,,,,,,,,,,512863,
[12792],INTRAPLATE VOLCANICS,BAIKAL-PATOM REGION / NORTH BAIKAL VOLCANOPLUTONIC BELT / SOUTHERN NORTH BAIKAL VOLCANOPLUTONIC BELT / AKITKAN GROUP,KUNERMA AREA,55.68,55.68,108.5,108.53,SUBAERIAL,,,s 0292 [12792],NOT GIVEN [12792],,,PALEO [12792],PROTEROZOIC [12792],,,,PORPHYRITIC [12792] ,VOLCANIC ROCK,,,,,WHOLE_ROCK [12792] ,,,,,,,,,,,,,,,,,,,,,,,,,,,,,,,,,,,,,,,,,,,,,,,,,,,,,,,,,,,,,,,,,,,,,,,,,,,,,,,,,,,,,,,,,,,,,,,99.24,18.433,,,,,,,,,,,,,,,,,,,,,,,,0.511526,,,,,,,,,,,,,,,,,,,,,,,,512864,
[12792],INTRAPLATE VOLCANICS,BAIKAL-PATOM REGION / NORTH BAIKAL VOLCANOPLUTONIC BELT / SOUTHERN NORTH BAIKAL VOLCANOPLUTONIC BELT / AKITKAN GROUP,SREDNII KEDROVY AREA,55.68,55.68,108.5,108.5,SUBAERIAL,,,s 0371 [12792],NOT GIVEN [12792],,,PALEO [12792],PROTEROZOIC [12792],,,,PORPHYRITIC [12792] ,VOLCANIC ROCK,,,,,WHOLE_ROCK [12792] ,,,,,,,,,,,,,,,,,,,,,,,,,,,,,,,,,,,,,,,,,,,,,,,,,,,,,,,,,,,,,,,,,,,,,,,,,,,,,,,,,,,,,,,,,,,,,,,62.21,10.44,,,,,,,,,,,,,,,,,,,,,,,,0.511065,,,,,,,,,,,,,,,,,,,,,,,,512865,
[12792],INTRAPLATE VOLCANICS,BAIKAL-PATOM REGION / NORTH BAIKAL VOLCANOPLUTONIC BELT / SOUTHERN NORTH BAIKAL VOLCANOPLUTONIC BELT,SREDNII KEDROVY AND KUNERMA AREAS,55.68,55.68,108.5,108.5,SUBAERIAL,,,s 0265 [12792],NOT GIVEN [12792],,,MESO [12792],ARCHEAN [12792],,,,,PLUTONIC ROCK,,,,,WHOLE_ROCK [12792] ,,,,,,,,,,,,,,,,,,,,,,,,,,,,,,,,,,,,,,,,,,,,,,,,,,,,,,,,,,,,,,,,,,,,,,,,,,,,,,,,,,,,,,,,,,,,,,,34.572,4.102,,,,,,,,,,,,,,,,,,,,,,,,0.51027,,,,,,,,,,,,,,,,,,,,,,,,512866,
[12792],INTRAPLATE VOLCANICS,BAIKAL-PATOM REGION / NORTH BAIKAL VOLCANOPLUTONIC BELT / SOUTHERN NORTH BAIKAL VOLCANOPLUTONIC BELT,SREDNII KEDROVY AND KUNERMA AREAS,55.68,55.68,108.5,108.5,SUBAERIAL,,,s 0253 [12792],NOT GIVEN [12792],,,MESO [12792],ARCHEAN [12792],,,,,PLUTONIC ROCK,,,,,WHOLE_ROCK [12792] ,,,,,,,,,,,,,,,,,,,,,,,,,,,,,,,,,,,,,,,,,,,,,,,,,,,,,,,,,,,,,,,,,,,,,,,,,,,,,,,,,,,,,,,,,,,,,,,14.201,2.272,,,,,,,,,,,,,,,,,,,,,,,,0.510652,,,,,,,,,,,,,,,,,,,,,,,,512867,
[12792],INTRAPLATE VOLCANICS,BAIKAL-PATOM REGION / NORTH BAIKAL VOLCANOPLUTONIC BELT / SOUTHERN NORTH BAIKAL VOLCANOPLUTONIC BELT,SREDNII KEDROVY AND KUNERMA AREAS,55.68,55.68,108.5,108.5,SUBAERIAL,,,s 05104 [12792],NOT GIVEN [12792],,,MESO [12792],ARCHEAN [12792],,,,,PLUTONIC ROCK,,,,,WHOLE_ROCK [12792] ,,,,,,,,,,,,,,,,,,,,,,,,,,,,,,,,,,,,,,,,,,,,,,,,,,,,,,,,,,,,,,,,,,,,,,,,,,,,,,,,,,,,,,,,,,,,,,,16.912,2.566,,,,,,,,,,,,,,,,,,,,,,,,0.510679,,,,,,,,,,,,,,,,,,,,,,,,512868,
[15118],INTRAPLATE VOLCANICS,BAIKAL-PATOM REGION / NORTH BAIKAL VOLCANOPLUTONIC BELT / SOUTHERN NORTH BAIKAL VOLCANOPLUTONIC BELT / AKITKAN GROUP,MUZHINAI RIVER AREA,54.87,55.68,108.75,108.83,SUBAERIAL,,,s 05048 [15118],BASALT [15118],1869000000 [15118],1869000000 [15118],PALEO [15118],PROTEROZOIC [15118],,,,,VOLCANIC ROCK,,,,,WHOLE_ROCK [15118] ,251760.491,5513.928,,77164.7958,,,,70501.11,57318.939999999995,33227.50399999999,1394.0244,,9380.695,12611.569,1178.3367,,,,,,,,,,,,,,,,36600.,,,,,,,,,,,,,,,,,,,,,,,,,,,,44,,170,370,,,45,100,,,,,,,,23.21,481,21.79,60.72,4.95,,,,,,,,,,,,,975.67,29.68,63.42,7.82,30.44,5.85,1.68,5.22,0.75,4.14,0.8,2.54,0.4,2.23,0.29,2.67,0.25,,,,,,,,,,,3.76,0.77,0.511301,,,,,,,,,,,,,,,,,,,,,,,,512889,
[15118],INTRAPLATE VOLCANICS,BAIKAL-PATOM REGION / NORTH BAIKAL VOLCANOPLUTONIC BELT / SOUTHERN NORTH BAIKAL VOLCANOPLUTONIC BELT / AKITKAN GROUP,MUZHINAI RIVER AREA,54.87,55.68,108.75,108.83,SUBAERIAL,,,s 05049 [15118],BASALT [15118],1870000000 [15118],1870000000 [15118],PALEO [15118],PROTEROZOIC [15118],,,,,VOLCANIC ROCK,,,,,WHOLE_ROCK [15118] ,254611.8445,5274.192,,73301.2635,,,,66847.8,48814.01,36001.488,1239.1328,,15191.745,18546.425,1003.7683000000001,,,,,,,,,,,,,,,,39500.,,,,,,,,,,,,,,,,,,,,,,,,,,,,27,,150,320,,,43,96,,,,,,,,42.81,339.69,24.1,87.04,6.53,,,,,,,,,,,,,1199.9,26.1,53.35,6.49,26.2,5.52,1.4,4.58,0.73,4.04,0.86,2.54,0.31,2,0.31,2.31,0.47,,,,,,,,,,,4.01,0.45,0.51133,,,,,,,,,,,,,,,,,,,,,,,,512890,
[15118],INTRAPLATE VOLCANICS,BAIKAL-PATOM REGION / NORTH BAIKAL VOLCANOPLUTONIC BELT / SOUTHERN NORTH BAIKAL VOLCANOPLUTONIC BELT / AKITKAN GROUP,MUZHINAI RIVER AREA,54.87,55.68,108.75,108.83,SUBAERIAL,,,s 05050 [15118],BASALT [15118],1870000000 [15118],1870000000 [15118],PALEO [15118],PROTEROZOIC [15118],,,,,VOLCANIC ROCK,,,,,WHOLE_ROCK [15118] ,256434.84100000001,4495.049999999999,,86744.23890000001,,,,60551.67,77259.07,17910.288,1084.2412000000002,,664.12,18249.6822,960.1262,,,,,,,,,,,,,,,,21800.,,,,,,,,,,,,,,,,,,,,,,,,,,,,42,,190,240,,,20,73,,,,,,,,1.26,460.02,19.41,37.62,4.82,,,,,,,,,,,,,58.38,26.29,54.01,6.56,25.56,4.97,1.31,4.28,0.6,3.57,0.68,2.2,0.34,1.99,0.3,2.05,0.37,,,,,,,,,,,3.21,0.77,0.511298,,,,,,,,,,,,,,,,,,,,,,,,512891,
[15118],INTRAPLATE VOLCANICS,BAIKAL-PATOM REGION / NORTH BAIKAL VOLCANOPLUTONIC BELT / SOUTHERN NORTH BAIKAL VOLCANOPLUTONIC BELT / AKITKAN GROUP,MUZHINAI RIVER AREA,54.87,55.68,108.75,108.83,SUBAERIAL,,,s 05052 [15118],BASALT [15118],1870000000 [15118],1870000000 [15118],PALEO [15118],PROTEROZOIC [15118],,,,,VOLCANIC ROCK,,,,,WHOLE_ROCK [15118] ,257416.45450000002,5214.258,,76635.5448,,,,65837.31000000001,50029,37086.96,1239.1328,,13780.49,13353.426,1047.4104,,,,,,,,,,,,,,,,30500.,,,,,,,,,,,,,,,,,,,,,,,,,,,,39,,190,310,,,36,110,,,,,,,,31.83,276.79,20.94,67.02,5.07,,,,,,,,,,,,,991.7,23.54,51.47,6.41,25.33,5.35,1.36,4.47,0.66,3.8,0.78,2.43,0.36,2.18,0.33,2.58,0.35,,,,,,,,,,,3.34,0.52,0.511406,,,,,,,,,,,,,,,,,,,,,,,,512892,
[15118],INTRAPLATE VOLCANICS,BAIKAL-PATOM REGION / NORTH BAIKAL VOLCANOPLUTONIC BELT / SOUTHERN NORTH BAIKAL VOLCANOPLUTONIC BELT / AKITKAN GROUP,MUZHINAI RIVER AREA,54.87,55.68,108.75,108.83,SUBAERIAL,,,s 05053 [15118],BASALT [15118],1870000000 [15118],1870000000 [15118],PALEO [15118],PROTEROZOIC [15118],,,,,VOLCANIC ROCK,,,,,WHOLE_ROCK [15118] ,249750.5205,5633.795999999999,,72613.2372,,,,66614.61,48027.84,34855.712,1316.5786,,13531.445,24926.3952,1221.9788,,,,,,,,,,,,,,,,45500.,,,,,,,,,,,,,,,,,,,,,,,,,,,,32,,220,310,,,32,110,,,,,,,,37.92,386.76,24.44,95.36,7.5,,,,,,,,,,,,,1380.95,32.72,67.61,8.11,31.49,6.44,1.57,5.2,0.77,4.33,0.88,2.57,0.32,2.19,0.3,2.94,0.52,,,,,,,,,,,4.14,0.45,,,,,,,,,,,,,,,,,,,,,,,,,512893,
[15118],INTRAPLATE VOLCANICS,BAIKAL-PATOM REGION / NORTH BAIKAL VOLCANOPLUTONIC BELT / SOUTHERN NORTH BAIKAL VOLCANOPLUTONIC BELT / AKITKAN GROUP,MUZHINAI RIVER AREA,54.87,55.68,108.75,108.83,SUBAERIAL,,,s 05055 [15118],BASALT [15118],1870000000 [15118],1870000000 [15118],PALEO [15118],PROTEROZOIC [15118],,,,,VOLCANIC ROCK,,,,,WHOLE_ROCK [15118] ,238438.59350000002,5573.862,,78064.5225,,,,69723.81000000001,63179.479999999996,36423.615999999995,1316.5786,,6890.245,10608.5551,1178.3367,,,,,,,,,,,,,,,,56200.,,,,,,,,,,,,,,,,,,,,,,,,,,,,39,,210,410,,,32,110,,,,,,,,21.49,544.73,24.76,63.72,7.32,,,,,,,,,,,,,876.68,30.95,63.31,7.72,29.82,6.04,1.59,5.12,0.84,4.34,0.91,2.59,0.35,2,0.28,2.24,0.49,,,,,,,,,,,3.83,0.39,0.511261,,,,,,,,,,,,,,,,,,,,,,,,512894,
[15118],INTRAPLATE VOLCANICS,BAIKAL-PATOM REGION / NORTH BAIKAL VOLCANOPLUTONIC BELT / SOUTHERN NORTH BAIKAL VOLCANOPLUTONIC BELT / AKITKAN GROUP,MUZHINAI RIVER AREA,54.87,55.68,108.75,108.83,SUBAERIAL,,,s 05060 [15118],BASALT [15118],1870000000 [15118],1870000000 [15118],PALEO [15118],PROTEROZOIC [15118],,,,,VOLCANIC ROCK,,,,,WHOLE_ROCK [15118] ,245730.57950000002,5453.994,,80763.7026,,,,67003.26,54888.96,41247.935999999994,1471.4702,,664.12,17952.9394,1047.4104,,,,,,,,,,,,,,,,46500.,,,,,,,,,,,,,,,,,,,,,,,,,,,,37,,200,270,,,28,110,,,,,,,,1.22,468.87,19.22,52.45,4.89,,,,,,,,,,,,,97.24,24.2,54.55,6.75,27.77,5.48,1.43,4.84,0.7,3.74,0.8,2.41,0.35,2.17,0.31,2.43,0.38,,,,,,,,,,,3.52,0.46,0.511342,,,,,,,,,,,,,,,,,,,,,,,,512895,
[15118],INTRAPLATE VOLCANICS,BAIKAL-PATOM REGION / NORTH BAIKAL VOLCANOPLUTONIC BELT / SOUTHERN NORTH BAIKAL VOLCANOPLUTONIC BELT,SUKHOI CREEK,54.32,54.32,108.42,108.42,SUBAERIAL,,,s 05036 [15118],DOLERITE [15118],,,PALEO [15118],PROTEROZOIC [15118],,,,,PLUTONIC ROCK,,,,,WHOLE_ROCK [15118] ,243860.83950000003,14384.159999999998,,67797.0531,,,,108122.43000000001,43453.76,22794.911999999997,1703.8076,,9546.724999999999,20994.5531,2967.6628,,,,,,,,,,,,,,,,26000.,,,,,,,,,,,,,,,,,,,,,,,,,,,,48,,360,39,,,62,65,,,,,,,,55.07,275.06,36.14,130.13,8.71,,,,,,,,,,,,,842.75,36.61,75.09,9.13,37.3,8.02,2.26,6.77,1.11,5.71,1.22,3.24,0.44,2.42,0.39,3.13,0.56,,,,,,,,,,,8.06,1.65,0.511428,,,,,,,,,,,,,,,,,,,,,,,,512896,
[15118],INTRAPLATE VOLCANICS,BAIKAL-PATOM REGION / NORTH BAIKAL VOLCANOPLUTONIC BELT / SOUTHERN NORTH BAIKAL VOLCANOPLUTONIC BELT,SUKHOI CREEK,54.32,54.32,108.42,108.42,SUBAERIAL,,,s 05038 [15118],DOLERITE [15118],,,PALEO [15118],PROTEROZOIC [15118],,,,,PLUTONIC ROCK,,,,,WHOLE_ROCK [15118] ,238204.87600000002,12226.536,,68538.0045,,,,97007.04000000001,58533.92999999999,31056.56,1703.8076,,8384.515,21662.2244,2094.8208,,,,,,,,,,,,,,,,22300.,,,,,,,,,,,,,,,,,,,,,,,,,,,,47,,210,64,,,55,97,,,,,,,,55.01,382.44,27.8,64.28,5.84,,,,,,,,,,,,,796.75,25.17,54.62,6.9,27.73,5.86,2.29,6.17,0.87,4.91,1,3,0.43,2.59,0.38,2.45,0.47,,,,,,,,,,,3.58,0.77,0.51148,,,,,,,,,,,,,,,,,,,,,,,,512897,
[15118],INTRAPLATE VOLCANICS,BAIKAL-PATOM REGION / NORTH BAIKAL VOLCANOPLUTONIC BELT / SOUTHERN NORTH BAIKAL VOLCANOPLUTONIC BELT,SUKHOI CREEK,54.32,54.32,108.42,108.42,SUBAERIAL,,,s 05118 [15118],DOLERITE [15118],,,PALEO [15118],PROTEROZOIC [15118],,,,,PLUTONIC ROCK,,,,,WHOLE_ROCK [15118] ,235119.805,13365.282,,69649.43160000001,,,,99028.02,57318.939999999995,29247.439999999995,1703.8076,,17682.195,18991.5392,2094.8208,,,,,,,,,,,,,,,,18900.,,,,,,,,,,,,,,,,,,,,,,,,,,,,40,,370,93,,,50,100,,,,,,,,111.37,184.45,34.36,51.43,7.39,,,,,,,,,,,,,1253.86,28.86,62.03,7.86,33.46,7.27,1.73,7.14,1.03,6.35,1.29,3.31,0.47,2.81,0.4,1.95,0.34,,,,,,,,,,,3.24,0.7,0.511483,,,,,,,,,,,,,,,,,,,,,,,,512898,
[15118],INTRAPLATE VOLCANICS,BAIKAL-PATOM REGION / NORTH BAIKAL VOLCANOPLUTONIC BELT / SOUTHERN NORTH BAIKAL VOLCANOPLUTONIC BELT,SUKHOI CREEK,54.32,54.32,108.42,108.42,SUBAERIAL,,,s 05119 [15118],DOLERITE [15118],,,PALEO [15118],PROTEROZOIC [15118],,,,,PLUTONIC ROCK,,,,,WHOLE_ROCK [15118] ,235306.77900000004,10548.384,,71448.88500000001,,,,94675.14,59248.63,31719.903999999995,1548.9160000000002,,16769.03,20252.696099999997,1527.4734999999998,,,,,,,,,,,,,,,,16299.999999999998,,,,,,,,,,,,,,,,,,,,,,,,,,,,48,,340,96,,,57,120,,,,,,,,113.26,234.56,23.33,46.1,4.04,,,,,,,,,,,,,761.25,21.31,45.96,6.01,24.57,5.39,1.86,5.33,0.77,4.41,0.92,2.77,0.45,2.5,0.39,2.15,0.3,,,,,,,,,,,2.77,0.55,0.511439,,,,,,,,,,,,,,,,,,,,,,,,512899,
[15118],INTRAPLATE VOLCANICS,BAIKAL-PATOM REGION / NORTH BAIKAL VOLCANOPLUTONIC BELT / SOUTHERN NORTH BAIKAL VOLCANOPLUTONIC BELT,SUKHOI CREEK,54.32,54.32,108.42,108.42,SUBAERIAL,,,s 05123 [15118],DOLERITE [15118],,,PALEO [15118],PROTEROZOIC [15118],,,,,PLUTONIC ROCK,,,,,WHOLE_ROCK [15118] ,235727.47050000002,11327.525999999998,,71660.5854,,,,101359.92,53673.97,32383.248,1626.3618,,23410.23,15653.182699999998,1702.0419000000002,,,,,,,,,,,,,,,,16600.,,,,,,,,,,,,,,,,,,,,,,,,,,,,45,,420,120,,,61,110,,,,,,,,147,203.42,24.4,51.54,4.17,,,,,,,,,,,,,1032.1,21.84,46.78,6.13,25.33,5.46,1.78,5.38,0.79,4.43,0.94,2.85,0.43,2.55,0.39,2.13,0.36,,,,,,,,,,,2.88,0.58,0.511552,,,,,,,,,,,,,,,,,,,,,,,,512900,
[15118],INTRAPLATE VOLCANICS,BAIKAL-PATOM REGION / NORTH BAIKAL VOLCANOPLUTONIC BELT / SOUTHERN NORTH BAIKAL VOLCANOPLUTONIC BELT,SUKHOI CREEK,54.32,54.32,108.42,108.42,SUBAERIAL,,,s 05124 [15118],DOLERITE [15118],,,PALEO [15118],PROTEROZOIC [15118],,,,,PLUTONIC ROCK,,,,,WHOLE_ROCK [15118] ,247880.78050000002,9529.506,,71872.2858,,,,89855.88,49957.53,25689.503999999997,1394.0244,,19259.48,28635.6802,1396.5472,,,,,,,,,,,,,,,,19400.,,,,,,,,,,,,,,,,,,,,,,,,,,,,40,,250,73,,,49,100,,,,,,,,114.27,231.8,28.93,88.23,6.4,,,,,,,,,,,,,635.45,33.99,67.97,8.45,32.53,6.55,1.86,6.46,0.91,5.34,1.06,3.39,0.54,3.14,0.45,3.47,0.54,,,,,,,,,,,7.69,1.75,,,,,,,,,,,,,,,,,,,,,,,,,512901,
[15118],INTRAPLATE VOLCANICS,BAIKAL-PATOM REGION / NORTH BAIKAL VOLCANOPLUTONIC BELT / SOUTHERN NORTH BAIKAL VOLCANOPLUTONIC BELT,SUKHOI CREEK,54.32,54.32,108.42,108.42,SUBAERIAL,,,s 05125 [15118],DOLERITE [15118],,,PALEO [15118],PROTEROZOIC [15118],,,,,PLUTONIC ROCK,,,,,WHOLE_ROCK [15118] ,237129.77550000002,10967.922,,74148.0651,,,,98095.26,42381.71,29910.784,1626.3618,,27228.92,20252.696099999997,1614.7576999999999,,,,,,,,,,,,,,,,22200.000000000004,,,,,,,,,,,,,,,,,,,,,,,,,,,,44,,230,80,,,53,100,,,,,,,,231.39,196.36,27.43,59.88,4.29,,,,,,,,,,,,,890.53,29.29,56.61,7.45,30.6,6.24,1.83,6.17,0.92,5.18,1.05,3.29,0.49,3.06,0.41,2.67,0.38,,,,,,,,,,,4.79,1.13,,,,,,,,,,,,,,,,,,,,,,,,,512902,
[15118],INTRAPLATE VOLCANICS,BAIKAL-PATOM REGION / NORTH BAIKAL VOLCANOPLUTONIC BELT / SOUTHERN NORTH BAIKAL VOLCANOPLUTONIC BELT,SUKHOI CREEK,54.32,54.32,108.42,108.42,SUBAERIAL,,,s 05126 [15118],DOLERITE [15118],,,PALEO [15118],PROTEROZOIC [15118],,,,,PLUTONIC ROCK,,,,,WHOLE_ROCK [15118] ,239981.12900000004,10308.648,,72031.0611,,,,99572.13,53316.62,28704.703999999998,1548.9160000000002,,19757.57,20326.8818,1527.4734999999998,,,,,,,,,,,,,,,,11800.,,,,,,,,,,,,,,,,,,,,,,,,,,,,36,,250,77,,,61,110,,,,,,,,134.71,180.49,26.51,58.94,4.19,,,,,,,,,,,,,595.42,27.45,54.6,7.16,28.94,5.9,1.81,5.84,0.84,4.78,0.99,3.21,0.46,2.63,0.38,2.32,0.32,,,,,,,,,,,4.45,0.99,0.511401,,,,,,,,,,,,,,,,,,,,,,,,512903,
[15118],INTRAPLATE VOLCANICS,BAIKAL-PATOM REGION / NORTH BAIKAL VOLCANOPLUTONIC BELT / SOUTHERN NORTH BAIKAL VOLCANOPLUTONIC BELT,SUKHOI CREEK,54.32,54.32,108.42,108.42,SUBAERIAL,,,s 0391 [15118],DOLERITE [15118],,,PALEO [15118],PROTEROZOIC [15118],,,,,PLUTONIC ROCK,,,,,WHOLE_ROCK [15118] ,226939.6925,13065.612000000001,,73248.33840000001,,41894.060000000005,68557.86,,58605.399999999994,24543.728,1239.1328,,15108.730000000001,19214.096299999997,2269.3892,4400.,,,,1700.0000000000002,,,,,,,,,,,29300.,,,,,,,,,,,,,,,,,,,,,,,,,,,,45,,300,36,,,43,73,,,,,,,,102.83,236.38,32.21,86.49,5.43,,,,,,,,,,,,,881.79,37.11,70.47,8.18,33.53,6.36,2.24,6.26,0.93,5.35,1.24,2.8,0.39,2.65,0.39,2.23,0.61,,,,,,,,,,,5.79,1.24,,,,,,,,,,,,,,,,,,,,,,,,,512904,
[15118],INTRAPLATE VOLCANICS,BAIKAL-PATOM REGION / NORTH BAIKAL VOLCANOPLUTONIC BELT / SOUTHERN NORTH BAIKAL VOLCANOPLUTONIC BELT,SUKHOI CREEK,54.32,54.32,108.42,108.42,SUBAERIAL,,,s 0392 [15118],DOLERITE [15118],,,PALEO [15118],PROTEROZOIC [15118],,,,,PLUTONIC ROCK,,,,,WHOLE_ROCK [15118] ,222171.85550000003,11507.328,,74889.0165,,32801.86,73765.77,,65966.81,31961.119999999995,2323.374,,17018.074999999997,14095.283,1658.3998000000001,3200.,,,,1100.,,,,,,,,,,,27500.,,,,,,,,,,,,,,,,,,,,,,,,,,,,71,,360,110,,,56,150,,,,,,,,123.2,288.07,28.37,49.14,8.25,,,,,,,,,,,,,1191.24,23.87,50.72,6.32,26.62,6.05,2.06,5.22,0.8,4.76,1,2.66,0.4,2.42,0.32,1.65,0.39,,,,,,,,,,,2.4,0.54,0.511474,,,,,,,,,,,,,,,,,,,,,,,,512905,
[15118],INTRAPLATE VOLCANICS,BAIKAL-PATOM REGION / NORTH BAIKAL VOLCANOPLUTONIC BELT / SOUTHERN NORTH BAIKAL VOLCANOPLUTONIC BELT,SUKHOI CREEK,54.32,54.32,108.42,108.42,SUBAERIAL,,,s 0393 [15118],DOLERITE [15118],,,PALEO [15118],PROTEROZOIC [15118],,,,,PLUTONIC ROCK,,,,,WHOLE_ROCK [15118] ,223106.7255,11747.063999999998,,74359.76550000001,,23150.14,84103.86,,59177.159999999996,32865.68,1161.687,,19010.435,21958.9672,1745.6840000000002,1800.,,,,1100.,,,,,,,,,,,23700.,,,,,,,,,,,,,,,,,,,,,,,,,,,,68,,330,110,,,57,150,,,,,,,,130.51,231.55,29.85,64.14,8.38,,,,,,,,,,,,,1307.45,26.47,53.47,6.82,28.97,6.43,1.98,5.96,0.9,5.36,1.06,2.94,0.42,2.69,0.39,2.25,0.39,,,,,,,,,,,2.79,0.65,,,,,,,,,,,,,,,,,,,,,,,,,512906,
[15118],INTRAPLATE VOLCANICS,BAIKAL-PATOM REGION / NORTH BAIKAL VOLCANOPLUTONIC BELT / SOUTHERN NORTH BAIKAL VOLCANOPLUTONIC BELT,SUKHOI CREEK,54.32,54.32,108.42,108.42,SUBAERIAL,,,s 0395 [15118],DOLERITE [15118],,,PALEO [15118],PROTEROZOIC [15118],,,,,PLUTONIC ROCK,,,,,WHOLE_ROCK [15118] ,222265.3425,11327.525999999998,,73089.5631,,22730.5,85269.81000000001,,60463.62,33046.592000000004,1084.2412000000002,,19840.585000000003,20920.3674,1571.1155999999999,1500.,,,,1700.0000000000002,,,,,,,,,,,23000.,,,,,,,,,,,,,,,,,,,,,,,,,,,,52,,300,73,,,53,120,,,,,,,,151.54,257.97,29.24,46.29,8.82,,,,,,,,,,,,,855.07,26.06,52.62,6.83,27.48,5.99,1.95,5.74,0.85,5.05,1.07,2.73,0.44,2.45,0.35,1.65,0.36,,,,,,,,,,,3.27,0.74,,,,,,,,,,,,,,,,,,,,,,,,,512907,
[15118],INTRAPLATE VOLCANICS,BAIKAL-PATOM REGION / NORTH BAIKAL VOLCANOPLUTONIC BELT / SOUTHERN NORTH BAIKAL VOLCANOPLUTONIC BELT,SUKHOI CREEK,54.32,54.32,108.42,108.42,SUBAERIAL,,,s 0396 [15118],DOLERITE [15118],,,PALEO [15118],PROTEROZOIC [15118],,,,,PLUTONIC ROCK,,,,,WHOLE_ROCK [15118] ,220816.29400000002,11147.724,,73830.5145,,59798.700000000004,48736.71,,62464.78,32262.639999999996,1626.3618,,20919.78,18027.1251,1571.1155999999999,2500.,,,,3300.,,,,,,,,,,,20200.,,,,,,,,,,,,,,,,,,,,,,,,,,,,50,,340,82,,,54,130,,,,,,,,110.36,235.65,28.37,55.17,9.08,,,,,,,,,,,,,1140.1,24.37,50.8,6.2,26.11,5.69,1.83,5.35,0.85,5.05,1.02,2.62,0.41,2.63,0.37,1.86,0.39,,,,,,,,,,,3.3,0.71,,,,,,,,,,,,,,,,,,,,,,,,,512908,
[15118],INTRAPLATE VOLCANICS,BAIKAL-PATOM REGION / NORTH BAIKAL VOLCANOPLUTONIC BELT / SOUTHERN NORTH BAIKAL VOLCANOPLUTONIC BELT,SUKHOI CREEK,54.32,54.32,108.42,108.42,SUBAERIAL,,,s 0397 [15118],DOLERITE [15118],,,PALEO [15118],PROTEROZOIC [15118],,,,,PLUTONIC ROCK,,,,,WHOLE_ROCK [15118] ,234184.93500000003,11926.866,,69173.1057,,34340.54,76797.24,,54888.96,24423.12,1471.4702,,17184.105,19733.3962,1614.7576999999999,4200.,,,,2200.,,,,,,,,,,,24100.,,,,,,,,,,,,,,,,,,,,,,,,,,,,59,,380,34,,,54,75,,,,,,,,121.73,226.21,30.78,86.78,12.41,,,,,,,,,,,,,1155.12,31.3,63.99,7.64,30.93,6.73,1.87,5.93,0.89,5.31,1.13,2.86,0.42,2.76,0.38,2.57,0.63,,,,,,,,,,,6.6,1.74,0.511268,,,,,,,,,,,,,,,,,,,,,,,,512909,
[15118],INTRAPLATE VOLCANICS,BAIKAL-PATOM REGION / NORTH BAIKAL VOLCANOPLUTONIC BELT / SOUTHERN NORTH BAIKAL VOLCANOPLUTONIC BELT,SUKHOI CREEK,54.32,54.32,108.42,108.42,SUBAERIAL,,,s 0399 [15118],DOLERITE [15118],,,PALEO [15118],PROTEROZOIC [15118],,,,,PLUTONIC ROCK,,,,,WHOLE_ROCK [15118] ,239887.64200000002,12106.668,,72877.8627,,27276.6,74776.26,,52601.920000000006,23217.04,1858.6992,,17018.074999999997,20697.8103,2007.5366000000001,3200.,,,,3300.,,,,,,,,,,,20099.999999999996,,,,,,,,,,,,,,,,,,,,,,,,,,,,59,,240,32,,,44,74,,,,,,,,97.38,255.47,37.82,139.19,12.91,,,,,,,,,,,,,1095.86,40.23,82.74,10.06,39.71,8,2.26,7.46,1.09,6.4,1.37,3.6,0.56,3.39,0.48,4.06,0.59,,,,,,,,,,,8.74,1.99,,,,,,,,,,,,,,,,,,,,,,,,,512910,
[15118],INTRAPLATE VOLCANICS,BAIKAL-PATOM REGION / NORTH BAIKAL VOLCANOPLUTONIC BELT / SOUTHERN NORTH BAIKAL VOLCANOPLUTONIC BELT,SUKHOI CREEK,54.32,54.32,108.42,108.42,SUBAERIAL,,,s 03117 [15118],DOLERITE [15118],,,PALEO [15118],PROTEROZOIC [15118],,,,,PLUTONIC ROCK,,,,,WHOLE_ROCK [15118] ,239046.25900000002,10668.252,,71554.7352,,32661.98,68868.78,,57318.939999999995,28523.792,1394.0244,,17184.105,14911.325699999998,1483.8314,3600.,,,,2800.0000000000005,,,,,,,,,,,17700.,,,,,,,,,,,,,,,,,,,,,,,,,,,,57,,450,76,,,52,100,,,,,,,,112.69,237.72,30.59,101.86,10.5,,,,,,,,,,,,,1212.83,29.81,62.13,7.42,29.8,6.36,1.93,5.72,0.87,5.13,1.09,2.89,0.47,2.74,0.39,2.95,0.46,,,,,,,,,,,5.53,1.32,,,,,,,,,,,,,,,,,,,,,,,,,512911,
[15118],INTRAPLATE VOLCANICS,BAIKAL-PATOM REGION / NORTH BAIKAL VOLCANOPLUTONIC BELT / SOUTHERN NORTH BAIKAL VOLCANOPLUTONIC BELT,SUKHOI CREEK,54.32,54.32,108.42,108.42,SUBAERIAL,,,s 03118 [15118],DOLERITE [15118],,,PALEO [15118],PROTEROZOIC [15118],,,,,PLUTONIC ROCK,,,,,WHOLE_ROCK [15118] ,237550.46700000003,10788.119999999999,,73301.2635,,29584.620000000003,73454.84999999999,,56890.12,28101.664,1394.0244,,15772.849999999999,18546.425,1571.1155999999999,3100.,,,,3300.,,,,,,,,,,,17800.,,,,,,,,,,,,,,,,,,,,,,,,,,,,48,,330,65,,,46,100,,,,,,,,111.25,304.43,32.97,111.38,12.65,,,,,,,,,,,,,1435.56,31.74,64.81,7.97,32.71,6.99,2.18,6.44,0.99,5.91,1.23,3.19,0.51,3.1,0.44,3.38,0.67,,,,,,,,,,,5.79,1.41,,,,,,,,,,,,,,,,,,,,,,,,,512912,
[15117],INTRAPLATE VOLCANICS,BAIKAL-PATOM REGION / NORTH BAIKAL VOLCANOPLUTONIC BELT / NORTHERN NORTH BAIKAL VOLCANOPLUTONIC BELT / AKITKAN GROUP,CHAYA RIVER MIDDLE COURSE,57.67,57.67,110,110.25,SUBAERIAL,,,s 0490 [15117],RHYODACITE [15117],,,PALEO [15117],PROTEROZOIC [15117],,,,,VOLCANIC ROCK,,,,,WHOLE_ROCK [15117] ,333655.103,3116.5679999999998,,71131.3344,,19932.9,11814.960000000001,,4359.67,2170.944,232.3374,,43582.875,18768.982099999997,436.42100000000005,2200.,,,,,,,,,,,,,,,11700.,,,,,,,,,,,,,,,,,,,,,,,,,,,,,,,,,,,,,,,,,,,,,,,,,,,,,,,,,,,,,,,,,,,,,,,,,,,,,,,,,,,,,,,,,,,,,,,,,,,,,,,,,,,,,,,,,512923,
[15119],INTRAPLATE VOLCANICS,BAIKAL-PATOM REGION / BAIKAL-PATOM FOLD BELT / MAMA-BODAIBO SYNCLINORIUM / MAMA-ORON COMPLEX,MIDDLE COURSE OF CHAYA RIVER,57.5,57.5,110,110,SUBAERIAL,,,s 06320 [15119],"GRANITE, BIOTITE [15119]",412000000 [15119],412000000 [15119],,SILURIAN [15119],,,,,PLUTONIC ROCK,,,,,WHOLE_ROCK [15119] ,348332.56200000003,599.34,,73777.5894,,2098.2,7073.43,,5717.6,1688.5120000000002,,,40511.32,29303.3515,349.1368,500.,,,,,,,,,,,,,,,3100.,,,,,,,,,,,,,,,,,,,,,,,,,,,,,,,,,,,,,,,,,,,,,,,,,,,,,,,,,,,,,,,,,,,,,,,,,,,,,,,,,,,,,,,,,,,,,,,,,,,,,,,,,,,,,,,,,512929,
[15128],INTRAPLATE VOLCANICS,BAIKAL-PATOM REGION / UDA-VITIM ISLAND ARC / SHAMANKA ZONE,,54.4,54.6,113.3,113.7,SUBAERIAL,,,s SH-4 [15128],GABBRO [15128],,,,PROTEROZOIC [15128],,,,,PLUTONIC ROCK,,,,,WHOLE_ROCK [15128] ,,,,,,,,,,,,,,,,,,,,,,,,,,,,,,,,,,,,,,,,,,,,,,,,,,,,,,,,,,,,,,,,,,,,,,,,,,,,,,,,,,,,,,,,,,,,24,50,,20,6.1,2.8,8.5,,5.9,1.2,3.1,,3.4,,,,,,,,,,,,,,,,,,,,,,,,,,,,,,,,,,,,,,,,517003,
[15128],INTRAPLATE VOLCANICS,BAIKAL-PATOM REGION / UDA-VITIM ISLAND ARC / SHAMANKA ZONE,,54.4,54.6,113.3,113.7,SUBAERIAL,,,s K4-5 [15128],BASALT [15128],,,,PROTEROZOIC [15128],,,,,VOLCANIC ROCK,,,,,WHOLE_ROCK [15128] ,,,,,,,,,,,,,,,,,,,,,,,,,,,,,,,,,,,,,,,,,,,,,,,,,,,,,,,,,,,,,,,,,,,,,,,,,,,,,,,,,,,,,,,,,,,,6.28,15.7,,12.03,2.58,1.04,5.08,,4.52,,2.84,,2.86,0.48,,,,,,,,,,,,,,,,,,,,,,,,,,,,,,,,,,,,,,,517004,
[15128],INTRAPLATE VOLCANICS,BAIKAL-PATOM REGION / UDA-VITIM ISLAND ARC / SHAMANKA ZONE,,54.4,54.6,113.3,113.7,SUBAERIAL,,,s K6-2 [15128],BASALT [15128],,,,PROTEROZOIC [15128],,,,,VOLCANIC ROCK,,,,,WHOLE_ROCK [15128] ,,,,,,,,,,,,,,,,,,,,,,,,,,,,,,,,,,,,,,,,,,,,,,,,,,,,,,,,,,,,,,,,,,,,,,,,,,,,,,,,,,,,,,,,,,,,11.32,7.2,,15.6,3.7,0.97,4.78,,4.08,0.86,2.2,,2.14,0.32,,,,,,,,,,,,,,,,,,,,,,,,,,,,,,,,,,,,,,,517005,
[15128],INTRAPLATE VOLCANICS,BAIKAL-PATOM REGION / UDA-VITIM ISLAND ARC / SHAMANKA ZONE,,54.4,54.6,113.3,113.7,SUBAERIAL,,,s KK-7 [15128],BASALT [15128],,,,PROTEROZOIC [15128],,,,,VOLCANIC ROCK,,,,,WHOLE_ROCK [15128] ,,,,,,,,,,,,,,,,,,,,,,,,,,,,,,,,,,,,,,,,,,,,,,,,,,,,,,,,,,,,,,,,,,,,,,,,,,,,,,,,,,,,,,,,,,,,12.5,27.1,,19.3,6.4,2.3,7.7,,7.2,1.4,4.9,,3.9,0.6,,,,,,,,,,,,,,,,,,,,,,,,,,,,,,,,,,,,,,,517006,
[15128],INTRAPLATE VOLCANICS,BAIKAL-PATOM REGION / UDA-VITIM ISLAND ARC / SHAMANKA ZONE,,54.4,54.6,113.3,113.7,SUBAERIAL,,,s KK-8 [15128],BASALT [15128],,,,PROTEROZOIC [15128],,,,,VOLCANIC ROCK,,,,,WHOLE_ROCK [15128] ,,,,,,,,,,,,,,,,,,,,,,,,,,,,,,,,,,,,,,,,,,,,,,,,,,,,,,,,,,,,,,,,,,,,,,,,,,,,,,,,,,,,,,,,,,,,3,6.5,,4.3,0.62,0.38,1.28,,1,0,0.62,,0.57,0.1,,,,,,,,,,,,,,,,,,,,,,,,,,,,,,,,,,,,,,,517007,
[15128],INTRAPLATE VOLCANICS,BAIKAL-PATOM REGION / UDA-VITIM ISLAND ARC / SHAMANKA ZONE,,54.4,54.6,113.3,113.7,SUBAERIAL,,,s 22 [15128],BASALT [15128],,,,PROTEROZOIC [15128],,,,,VOLCANIC ROCK,,,,,WHOLE_ROCK [15128] ,,,,,,,,,,,,,,,,,,,,,,,,,,,,,,,,,,,,,,,,,,,,,,,,,,,,,,,,,,,,,,,,,,,,,,,,,,,,,,,,,,,,,,,,,,,,8.4,21.3,,15.4,3.8,1.13,5.37,,4.52,0.76,2.52,,2.43,0.4,,,,,,,,,,,,,,,,,,,,,,,,,,,,,,,,,,,,,,,517008,
[15128],INTRAPLATE VOLCANICS,BAIKAL-PATOM REGION / UDA-VITIM ISLAND ARC / SHAMANKA ZONE,,54.4,54.6,113.3,113.7,SUBAERIAL,,,s 17-1 [15128],BASALT [15128],,,,PROTEROZOIC [15128],,,,,VOLCANIC ROCK,,,,,WHOLE_ROCK [15128] ,,,,,,,,,,,,,,,,,,,,,,,,,,,,,,,,,,,,,,,,,,,,,,,,,,,,,,,,,,,,,,,,,,,,,,,,,,,,,,,,,,,,,,,,,,,,15.9,38.3,,19.3,4.18,1.2,4.93,,4.06,0.9,2.44,,2.01,0.3,,,,,,,,,,,,,,,,,,,,,,,,,,,,,,,,,,,,,,,517009,
[15128],INTRAPLATE VOLCANICS,BAIKAL-PATOM REGION / UDA-VITIM ISLAND ARC / SHAMANKA ZONE,,54.4,54.6,113.3,113.7,SUBAERIAL,,,s KA-14 [15128],BASALT [15128],,,,PROTEROZOIC [15128],,,,,VOLCANIC ROCK,,,,,WHOLE_ROCK [15128] ,,,,,,,,,,,,,,,,,,,,,,,,,,,,,,,,,,,,,,,,,,,,,,,,,,,,,,,,,,,,,,,,,,,,,,,,,,,,,,,,,,,,,,,,,,,,6.5,14.2,,7.6,0.88,0.23,3.3,,0.86,0.16,0.49,,1.6,,,,,,,,,,,,,,,,,,,,,,,,,,,,,,,,,,,,,,,,517010,
[15128],INTRAPLATE VOLCANICS,BAIKAL-PATOM REGION / UDA-VITIM ISLAND ARC / SHAMANKA ZONE,,54.4,54.6,113.3,113.7,SUBAERIAL,,,s 28 [15128],BASALT [15128],,,,PROTEROZOIC [15128],,,,,VOLCANIC ROCK,,,,,WHOLE_ROCK [15128] ,,,,,,,,,,,,,,,,,,,,,,,,,,,,,,,,,,,,,,,,,,,,,,,,,,,,,,,,,,,,,,,,,,,,,,,,,,,,,,,,,,,,,,,,,,,,6.08,13.89,,10.68,3.22,1.04,2.95,,3.18,0.56,1.46,,1.31,0.2,,,,,,,,,,,,,,,,,,,,,,,,,,,,,,,,,,,,,,,517011,
[15128],INTRAPLATE VOLCANICS,BAIKAL-PATOM REGION / UDA-VITIM ISLAND ARC / SHAMANKA ZONE,,54.4,54.6,113.3,113.7,SUBAERIAL,,,s 31 [15128],BASALT [15128],,,,PROTEROZOIC [15128],,,,,VOLCANIC ROCK,,,,,WHOLE_ROCK [15128] ,,,,,,,,,,,,,,,,,,,,,,,,,,,,,,,,,,,,,,,,,,,,,,,,,,,,,,,,,,,,,,,,,,,,,,,,,,,,,,,,,,,,,,,,,,,,1.95,4.1,,3.62,1.32,0.51,1.29,,2.14,0.45,1.29,,1.23,0.19,,,,,,,,,,,,,,,,,,,,,,,,,,,,,,,,,,,,,,,517012,
[15128],INTRAPLATE VOLCANICS,BAIKAL-PATOM REGION / UDA-VITIM ISLAND ARC / SHAMANKA ZONE,,54.4,54.6,113.3,113.7,SUBAERIAL,,,s 35 [15128],BASALT [15128],,,,PROTEROZOIC [15128],,,,,VOLCANIC ROCK,,,,,WHOLE_ROCK [15128] ,,,,,,,,,,,,,,,,,,,,,,,,,,,,,,,,,,,,,,,,,,,,,,,,,,,,,,,,,,,,,,,,,,,,,,,,,,,,,,,,,,,,,,,,,,,,13.6,32.5,,20.7,5.34,1.66,7.4,,6.47,1.43,4.23,,3.47,0.53,,,,,,,,,,,,,,,,,,,,,,,,,,,,,,,,,,,,,,,517013,
[15128],INTRAPLATE VOLCANICS,BAIKAL-PATOM REGION / UDA-VITIM ISLAND ARC / SHAMANKA ZONE,,54.4,54.6,113.3,113.7,SUBAERIAL,,,s AU-2 [15128],BASALT [15128],,,,PROTEROZOIC [15128],,,,,VOLCANIC ROCK,,,,,WHOLE_ROCK [15128] ,,,,,,,,,,,,,,,,,,,,,,,,,,,,,,,,,,,,,,,,,,,,,,,,,,,,,,,,,,,,,,,,,,,,,,,,,,,,,,,,,,,,,,,,,,,,3.31,9.53,,9.11,2.89,1.02,2.61,,3.68,0.71,1.87,,1.63,0.23,,,,,,,,,,,,,,,,,,,,,,,,,,,,,,,,,,,,,,,517014,
[15128],INTRAPLATE VOLCANICS,BAIKAL-PATOM REGION / UDA-VITIM ISLAND ARC / SHAMANKA ZONE,,54.4,54.6,113.3,113.7,SUBAERIAL,,,s AU-3 [15128],BASALT [15128],,,,PROTEROZOIC [15128],,,,,VOLCANIC ROCK,,,,,WHOLE_ROCK [15128] ,,,,,,,,,,,,,,,,,,,,,,,,,,,,,,,,,,,,,,,,,,,,,,,,,,,,,,,,,,,,,,,,,,,,,,,,,,,,,,,,,,,,,,,,,,,,2.45,5.86,,4.84,1.52,0.61,1.54,,2.41,0.5,1.46,,1.41,0.22,,,,,,,,,,,,,,,,,,,,,,,,,,,,,,,,,,,,,,,517015,
[15128],INTRAPLATE VOLCANICS,BAIKAL-PATOM REGION / UDA-VITIM ISLAND ARC / BURLYA ZONE,,52,52,108,108,SUBAERIAL,,,s B-05-03 [15128],BASALT [15128],,,,PROTEROZOIC [15128],,,,,VOLCANIC ROCK,,,,,WHOLE_ROCK [15128] ,,,,,,,,,,,,,,,,,,,,,,,,,,,,,,,,,,,,,,,,,,,,,,,,,,,,,,,,,,,,,,,,,,,,,,,,,,,,,,,,,,,,,,,,,,,,5.1,13,,8,4.5,1.4,4.7,,6.1,1.1,3.7,,3.3,0.35,,,,,,,,,,,,,,,,,,,,,,,,,,,,,,,,,,,,,,,517016,
[15128],INTRAPLATE VOLCANICS,BAIKAL-PATOM REGION / UDA-VITIM ISLAND ARC / BURLYA ZONE,,52,52,108,108,SUBAERIAL,,,s B-05-04 [15128],BASALT [15128],,,,PROTEROZOIC [15128],,,,,VOLCANIC ROCK,,,,,WHOLE_ROCK [15128] ,,,,,,,,,,,,,,,,,,,,,,,,,,,,,,,,,,,,,,,,,,,,,,,,,,,,,,,,,,,,,,,,,,,,,,,,,,,,,,,,,,,,,,,,,,,,7.7,19,,12,6.8,1.5,6.8,,8.1,1.5,5.4,,4.6,0.44,,,,,,,,,,,,,,,,,,,,,,,,,,,,,,,,,,,,,,,517017,
[15128],INTRAPLATE VOLCANICS,BAIKAL-PATOM REGION / UDA-VITIM ISLAND ARC / BURLYA ZONE,,52,52,108,108,SUBAERIAL,,,s B-05-05 [15128],BASALT [15128],,,,PROTEROZOIC [15128],,,,,VOLCANIC ROCK,,,,,WHOLE_ROCK [15128] ,,,,,,,,,,,,,,,,,,,,,,,,,,,,,,,,,,,,,,,,,,,,,,,,,,,,,,,,,,,,,,,,,,,,,,,,,,,,,,,,,,,,,,,,,,,,3.6,9,,5,1.9,0.71,2.5,,2.5,0.69,1.9,,1.7,0.2,,,,,,,,,,,,,,,,,,,,,,,,,,,,,,,,,,,,,,,517018,
[15128],INTRAPLATE VOLCANICS,BAIKAL-PATOM REGION / UDA-VITIM ISLAND ARC / BURLYA ZONE,,52,52,108,108,SUBAERIAL,,,s B-05-06 [15128],BASALT [15128],,,,PROTEROZOIC [15128],,,,,VOLCANIC ROCK,,,,,WHOLE_ROCK [15128] ,,,,,,,,,,,,,,,,,,,,,,,,,,,,,,,,,,,,,,,,,,,,,,,,,,,,,,,,,,,,,,,,,,,,,,,,,,,,,,,,,,,,,,,,,,,,3.8,8,,6.5,2.3,0.75,2.2,,2.7,0.6,2,,1.8,0.29,,,,,,,,,,,,,,,,,,,,,,,,,,,,,,,,,,,,,,,517019,
[15128],INTRAPLATE VOLCANICS,BAIKAL-PATOM REGION / UDA-VITIM ISLAND ARC / BURLYA ZONE,,52,52,108,108,SUBAERIAL,,,s B-05-07 [15128],BASALT [15128],,,,PROTEROZOIC [15128],,,,,VOLCANIC ROCK,,,,,WHOLE_ROCK [15128] ,,,,,,,,,,,,,,,,,,,,,,,,,,,,,,,,,,,,,,,,,,,,,,,,,,,,,,,,,,,,,,,,,,,,,,,,,,,,,,,,,,,,,,,,,,,,7,16,,10,4,1.5,5,,5.5,0.98,3.5,,3.1,0.42,,,,,,,,,,,,,,,,,,,,,,,,,,,,,,,,,,,,,,,517020,
[15128],INTRAPLATE VOLCANICS,BAIKAL-PATOM REGION / UDA-VITIM ISLAND ARC / BURLYA ZONE,,52,52,108,108,SUBAERIAL,,,s B-05-08 [15128],BASALT [15128],,,,PROTEROZOIC [15128],,,,,VOLCANIC ROCK,,,,,WHOLE_ROCK [15128] ,,,,,,,,,,,,,,,,,,,,,,,,,,,,,,,,,,,,,,,,,,,,,,,,,,,,,,,,,,,,,,,,,,,,,,,,,,,,,,,,,,,,,,,,,,,,12,27,,16,5.2,1.7,6,,6.5,1.15,4,,3.5,0.5,,,,,,,,,,,,,,,,,,,,,,,,,,,,,,,,,,,,,,,517021,
[15128],INTRAPLATE VOLCANICS,BAIKAL-PATOM REGION / UDA-VITIM ISLAND ARC / BURLYA ZONE,,52,52,108,108,SUBAERIAL,,,s 5003 [15128],BASALT [15128],,,,PROTEROZOIC [15128],,,,,VOLCANIC ROCK,,,,,WHOLE_ROCK [15128] ,,,,,,,,,,,,,,,,,,,,,,,,,,,,,,,,,,,,,,,,,,,,,,,,,,,,,,,,,,,,,,,,,,,,,,,,,,,,,,,,,,,,,,,,,,,,6.2,14,,11,4,1,4,,4.2,0.8,3,,2.6,0.3,,,,,,,,,,,,,,,,,,,,,,,,,,,,,,,,,,,,,,,517022,
[15128],INTRAPLATE VOLCANICS,BAIKAL-PATOM REGION / UDA-VITIM ISLAND ARC / BURLYA ZONE,,52,52,108,108,SUBAERIAL,,,s 5005 [15128],BASALT [15128],,,,PROTEROZOIC [15128],,,,,VOLCANIC ROCK,,,,,WHOLE_ROCK [15128] ,,,,,,,,,,,,,,,,,,,,,,,,,,,,,,,,,,,,,,,,,,,,,,,,,,,,,,,,,,,,,,,,,,,,,,,,,,,,,,,,,,,,,,,,,,,,7.9,20,,12,4.1,1,3.8,,4,0.74,2.8,,2.5,0.34,,,,,,,,,,,,,,,,,,,,,,,,,,,,,,,,,,,,,,,517023,
[15128],INTRAPLATE VOLCANICS,BAIKAL-PATOM REGION / UDA-VITIM ISLAND ARC / UPPER VITIM TURBIDITE ZONE,BAISA SITE,54,54,113,113,SUBAERIAL,,,s B-05-27 [15128],BASALT [15128],,,,PROTEROZOIC [15128],,,,,VOLCANIC ROCK,,,,,WHOLE_ROCK [15128] ,,,,,,,,,,,,,,,,,,,,,,,,,,,,,,,,,,,,,,,,,,,,,,,,,,,,,,,,,,,,,,,,,,,,,,,,,,,,,,,,,,,,,,,,,,,,14,32,,25,9.2,2.6,10,,10,1.6,5.7,,4.5,0.49,,,,,,,,,,,,,,,,,,,,,,,,,,,,,,,,,,,,,,,517024,
[15128],INTRAPLATE VOLCANICS,BAIKAL-PATOM REGION / UDA-VITIM ISLAND ARC / UPPER VITIM TURBIDITE ZONE,BAISA SITE,54,54,113,113,SUBAERIAL,,,s B-05-32 [15128],BASALT [15128],,,,PROTEROZOIC [15128],,,,,VOLCANIC ROCK,,,,,WHOLE_ROCK [15128] ,,,,,,,,,,,,,,,,,,,,,,,,,,,,,,,,,,,,,,,,,,,,,,,,,,,,,,,,,,,,,,,,,,,,,,,,,,,,,,,,,,,,,,,,,,,,8.3,19,,12,4.7,1.4,5.1,,6,1.1,3.7,,3.3,0.4,,,,,,,,,,,,,,,,,,,,,,,,,,,,,,,,,,,,,,,517025,
[15128],INTRAPLATE VOLCANICS,BAIKAL-PATOM REGION / UDA-VITIM ISLAND ARC / UPPER VITIM TURBIDITE ZONE,BAISA SITE,54,54,113,113,SUBAERIAL,,,s 5056 [15128],BASALT [15128],,,,PROTEROZOIC [15128],,,,,VOLCANIC ROCK,,,,,WHOLE_ROCK [15128] ,,,,,,,,,,,,,,,,,,,,,,,,,,,,,,,,,,,,,,,,,,,,,,,,,,,,,,,,,,,,,,,,,,,,,,,,,,,,,,,,,,,,,,,,,,,,4.7,11,,7,3.4,1.2,4.2,,4.8,0.82,2.5,,1.8,0.21,,,,,,,,,,,,,,,,,,,,,,,,,,,,,,,,,,,,,,,517026,
[15128],INTRAPLATE VOLCANICS,BAIKAL-PATOM REGION / UDA-VITIM ISLAND ARC / UPPER VITIM TURBIDITE ZONE,BAISA SITE,54,54,113,113,SUBAERIAL,,,s 5056A [15128],BASALT [15128],,,,PROTEROZOIC [15128],,,,,VOLCANIC ROCK,,,,,WHOLE_ROCK [15128] ,,,,,,,,,,,,,,,,,,,,,,,,,,,,,,,,,,,,,,,,,,,,,,,,,,,,,,,,,,,,,,,,,,,,,,,,,,,,,,,,,,,,,,,,,,,,5.4,13,,6.6,3.1,1.2,4.5,,5,0.82,2.6,,1.9,0.22,,,,,,,,,,,,,,,,,,,,,,,,,,,,,,,,,,,,,,,517027,
[15128],INTRAPLATE VOLCANICS,BAIKAL-PATOM REGION / UDA-VITIM ISLAND ARC / UPPER VITIM TURBIDITE ZONE,BAISA SITE,54,54,113,113,SUBAERIAL,,,s 5034 [15128],BASALT [15128],,,,PROTEROZOIC [15128],,,,,VOLCANIC ROCK,,,,,WHOLE_ROCK [15128] ,,,,,,,,,,,,,,,,,,,,,,,,,,,,,,,,,,,,,,,,,,,,,,,,,,,,,,,,,,,,,,,,,,,,,,,,,,,,,,,,,,,,,,,,,,,,6.8,15,,8,3.3,0.83,3,,3,0.6,2.2,,2.1,0.22,,,,,,,,,,,,,,,,,,,,,,,,,,,,,,,,,,,,,,,517028,
[15128],INTRAPLATE VOLCANICS,BAIKAL-PATOM REGION / UDA-VITIM ISLAND ARC / UPPER VITIM TURBIDITE ZONE,VITIM SITE,53.7,53.7,112,112,SUBAERIAL,,,s V-13 [15128],BASALT [15128],,,,PROTEROZOIC [15128],,,,,VOLCANIC ROCK,,,,,WHOLE_ROCK [15128] ,,,,,,,,,,,,,,,,,,,,,,,,,,,,,,,,,,,,,,,,,,,,,,,,,,,,,,,,,,,,,,,,,,,,,,,,,,,,,,,,,,,,,,,,,,,,8.8,20,,13,5,1.5,7.4,,6.1,1.2,3,,3,0.28,,,,,,,,,,,,,,,,,,,,,,,,,,,,,,,,,,,,,,,517029,
[15128],INTRAPLATE VOLCANICS,BAIKAL-PATOM REGION / UDA-VITIM ISLAND ARC / UPPER VITIM TURBIDITE ZONE,VITIM SITE,53.7,53.7,112,112,SUBAERIAL,,,s V-14 [15128],BASALT [15128],,,,PROTEROZOIC [15128],,,,,VOLCANIC ROCK,,,,,WHOLE_ROCK [15128] ,,,,,,,,,,,,,,,,,,,,,,,,,,,,,,,,,,,,,,,,,,,,,,,,,,,,,,,,,,,,,,,,,,,,,,,,,,,,,,,,,,,,,,,,,,,,5.1,12,,8,,1.1,4.1,,3.9,0.8,1.7,,2,0.24,,,,,,,,,,,,,,,,,,,,,,,,,,,,,,,,,,,,,,,517030,
[15128],INTRAPLATE VOLCANICS,BAIKAL-PATOM REGION / UDA-VITIM ISLAND ARC / UPPER VITIM TURBIDITE ZONE,VITIM SITE,53.7,53.7,112,112,SUBAERIAL,,,s V-16 [15128],BASALT [15128],,,,PROTEROZOIC [15128],,,,,VOLCANIC ROCK,,,,,WHOLE_ROCK [15128] ,,,,,,,,,,,,,,,,,,,,,,,,,,,,,,,,,,,,,,,,,,,,,,,,,,,,,,,,,,,,,,,,,,,,,,,,,,,,,,,,,,,,,,,,,,,,2.7,5.9,,5,,1.4,,,,,1.1,,1.1,0.14,,,,,,,,,,,,,,,,,,,,,,,,,,,,,,,,,,,,,,,517031,
[15128],INTRAPLATE VOLCANICS,BAIKAL-PATOM REGION / UDA-VITIM ISLAND ARC / UPPER VITIM TURBIDITE ZONE,VITIM SITE,53.7,53.7,112,112,SUBAERIAL,,,s V-20 [15128],BASALT [15128],,,,PROTEROZOIC [15128],,,,,VOLCANIC ROCK,,,,,WHOLE_ROCK [15128] ,,,,,,,,,,,,,,,,,,,,,,,,,,,,,,,,,,,,,,,,,,,,,,,,,,,,,,,,,,,,,,,,,,,,,,,,,,,,,,,,,,,,,,,,,,,,14,28,,21,7.2,2.4,7.8,,6.9,1.5,3.7,,3.4,0.37,,,,,,,,,,,,,,,,,,,,,,,,,,,,,,,,,,,,,,,517032,
[15128],INTRAPLATE VOLCANICS,BAIKAL-PATOM REGION / UDA-VITIM ISLAND ARC / ERAVNA VOLCANIC-TECTONIC STRUCTURE,,53,53.1,111.5,111.7,SUBAERIAL,,,s V-25-04 [15128],"ANDESITE, BASALTIC [15128]",,,LOWER [15128],CAMBRIAN [15128],,,,,VOLCANIC ROCK,,,,,WHOLE_ROCK [15128] ,250545.16000000003,4614.918,,106908.702,,19862.96,36144.450000000004,,27444.48,10251.679999999998,4182.0732,,57114.32,19585.0248,523.7052,,,,,,,,,,,,,,,,19300.,,,,,,,,,,,,,,,,,,,,,,,,,,,,,,170,140,,,,27,33,81,,,,,,160,170,20,150,6,,,,,,,,,,,,,2490,27,53,5.8,25,5.6,1.1,5,,4.3,0.9,2.9,,2.9,0.37,,,,,,,,,,,35,,,,,,,,,,,,,,,,,,,,,,,,,,,,517033,
[15128],INTRAPLATE VOLCANICS,BAIKAL-PATOM REGION / UDA-VITIM ISLAND ARC / ERAVNA VOLCANIC-TECTONIC STRUCTURE,,53,53.1,111.5,111.7,SUBAERIAL,,,s V-15-04 [15128],"ANDESITE, BASALTIC [15128]",,,LOWER [15128],CAMBRIAN [15128],,,,,VOLCANIC ROCK,,,,,WHOLE_ROCK [15128] ,257089.25000000003,4135.445999999999,,99499.18800000001,,8672.56,44383.83,,43954.05,21046.096,1703.8076,,36941.675,16543.411099999998,567.3473,,,,,,,,,,,,,,,,21400.,,,,,,,,,,,,,,,,,,,,,,,,,,,,,,250,93,,,,49,67,150,,,,,,110,19,20,17,7,,,,,,,,,,,,,1340,18.42,38.4,4.58,17.7,3.65,1.25,5.74,,3.71,0.84,2.33,,2.38,0.36,,,,,,,,,,,25,,,,,,,,,,,,,,,,,,,,,,,,,,,,517034,
[15128],INTRAPLATE VOLCANICS,BAIKAL-PATOM REGION / UDA-VITIM ISLAND ARC / ERAVNA VOLCANIC-TECTONIC STRUCTURE,,53,53.1,111.5,111.7,SUBAERIAL,,,s V-26-04 [15128],ANDESITE [15128],,,LOWER [15128],CAMBRIAN [15128],,,,,VOLCANIC ROCK,,,,,WHOLE_ROCK [15128] ,265035.645,4315.248,,97646.8095,,19023.68,29071.02,,41452.6,17246.944,1084.2412000000002,,17101.09,33161.0079,1265.6209,,,,,,,,,,,,,,,,21700.,,,,,,,,,,,,,,,,,,,,,,,,,,,,,,85,140,,,,10,25,71,,,,,,37,1200,21,160,10,,,,,,,,,,,,,810,,,,,,,,,,,,,,,,,,,,,,,,,12,,,,,,,,,,,,,,,,,,,,,,,,,,,,517035,
[15128],INTRAPLATE VOLCANICS,BAIKAL-PATOM REGION / UDA-VITIM ISLAND ARC / ERAVNA VOLCANIC-TECTONIC STRUCTURE,,53,53.1,111.5,111.7,SUBAERIAL,,,s V-27-04 [15128],ANDESITE [15128],,,LOWER [15128],CAMBRIAN [15128],,,,,VOLCANIC ROCK,,,,,WHOLE_ROCK [15128] ,278123.825,5693.73,,102145.44300000001,,15316.859999999999,23241.27,,15008.7,7779.215999999999,2323.374,,47318.55,30193.5799,872.8420000000001,,,,,,,,,,,,,,,,16900.,,,,,,,,,,,,,,,,,,,,,,,,,,,,,,300,66,,,,38,140,82,,,,,,140,120,29,250,13,,,,,,,,,,,,,2020,34,71,7.9,31,6.6,1.2,5.8,,4.7,1.1,3.3,,3.4,0.38,,,,,,,,,,,13,,,,,,,,,,,,,,,,,,,,,,,,,,,,517036,
[15128],INTRAPLATE VOLCANICS,BAIKAL-PATOM REGION / UDA-VITIM ISLAND ARC / ERAVNA VOLCANIC-TECTONIC STRUCTURE,,53,53.1,111.5,111.7,SUBAERIAL,,,s V-21-04 [15128],ANDESITE [15128],,,LOWER [15128],CAMBRIAN [15128],,,,,VOLCANIC ROCK,,,,,WHOLE_ROCK [15128] ,281395.87000000005,4614.918,,84150.909,,39586.04,34356.659999999996,,9648.45,6814.351999999999,1006.7954,,57529.395,8012.055600000001,698.2736,,,,,,,,,,,,,,,,17300.,,,,,,,,,,,,,,,,,,,,,,,,,,,,,,110,160,,,,10,17,35,,,,,,120,55,26,210,11,,,,,,,,,,,,,1480,,,,,,,,,,,,,,,,,,,,,,,,,58,,,,,,,,,,,,,,,,,,,,,,,,,,,,517037,
[15128],INTRAPLATE VOLCANICS,BAIKAL-PATOM REGION / UDA-VITIM ISLAND ARC / ERAVNA VOLCANIC-TECTONIC STRUCTURE,,53,53.1,111.5,111.7,SUBAERIAL,,,s V-14-04 [15128],ANDESITE [15128],,,LOWER [15128],CAMBRIAN [15128],,,,,VOLCANIC ROCK,,,,,WHOLE_ROCK [15128] ,282798.17500000005,4375.182,,79916.901,,39516.100000000006,52312.29,,1715.28,10372.287999999999,309.7832,,14361.595,27226.151899999997,567.3473,,,,,,,,,,,,,,,,31400.,,,,,,,,,,,,,,,,,,,,,,,,,,,,,,81,180,,,,10,20,60,,,,,,22,42,13,180,10,,,,,,,,,,,,,1550,10.59,28.65,4.51,20.91,5.84,1.93,8.74,,6.76,1.39,3.69,,3.4,0.44,,,,,,,,,,,22,,,,,,,,,,,,,,,,,,,,,,,,,,,,517038,
[15128],INTRAPLATE VOLCANICS,BAIKAL-PATOM REGION / UDA-VITIM ISLAND ARC / ERAVNA VOLCANIC-TECTONIC STRUCTURE,,53,53.1,111.5,111.7,SUBAERIAL,,,s V-23-04 [15128],TRACHYTE [15128],,,LOWER [15128],CAMBRIAN [15128],,,,,VOLCANIC ROCK,,,,,WHOLE_ROCK [15128] ,300093.27,4554.9839999999995,,80446.152,,30563.780000000002,24407.22,,2715.86,4703.7119999999995,309.7832,,65996.925,7937.869900000001,654.6315,,,,,,,,,,,,,,,,19500.,,,,,,,,,,,,,,,,,,,,,,,,,,,,,,230,97,,,,39,85,25,,,,,,130,35,26,180,10,,,,,,,,,,,,,660,,,,,,,,,,,,,,,,,,,,,,,,,14,,,,,,,,,,,,,,,,,,,,,,,,,,,,517039,
[15128],INTRAPLATE VOLCANICS,BAIKAL-PATOM REGION / UDA-VITIM ISLAND ARC / ERAVNA VOLCANIC-TECTONIC STRUCTURE,,53,53.1,111.5,111.7,SUBAERIAL,,,s V-22-04 [15128],TRACHYTE [15128],,,LOWER [15128],CAMBRIAN [15128],,,,,VOLCANIC ROCK,,,,,WHOLE_ROCK [15128] ,305235.055,4255.313999999999,,76741.395,,32032.52,22619.43,,4502.61,4703.7119999999995,309.7832,,51718.345,12166.4548,654.6315,,,,,,,,,,,,,,,,16800.,,,,,,,,,,,,,,,,,,,,,,,,,,,,,,85,150,,,,10,38,24,,,,,,120,34,27,200,10,,,,,,,,,,,,,660,24,48,5.1,25,5.7,1.5,5.1,,3.5,0.55,1.8,,1.5,0.2,,,,,,,,,,,93,,,,,,,,,,,,,,,,,,,,,,,,,,,,517040,
[15128],INTRAPLATE VOLCANICS,BAIKAL-PATOM REGION / UDA-VITIM ISLAND ARC / OLDYNDA VOLCANIC-TECTONIC STRUCTURE,,53.5,53.5,110,111,SUBAERIAL,,,s KO-43 [15128],BASALT [15128],,,LOWER [15128],CAMBRIAN [15128],,,,,VOLCANIC ROCK,,,,,WHOLE_ROCK [15128] ,226705.975,7192.079999999999,,84838.93530000001,,20492.420000000002,45394.32,,51672.810000000005,26955.887999999995,77.4458,,11871.144999999999,27300.3376,2007.5366000000001,,,,,,,,,,,,,,,,77300.,,,,,,,,,,,,,,,,,,,,,,,,,,,,,,160,23,,,18,11,,,,,,,,27,762,14,125,6,,,,,,,,,,,,,1020,29.91,60.66,6.47,28.82,6.26,1.6,5.16,,3.99,0.68,2.21,,1.77,0.29,,,,,,,,,,,,,,,,,,,,,,,,,,,,,,,,,,,,,,,517041,
[15128],INTRAPLATE VOLCANICS,BAIKAL-PATOM REGION / UDA-VITIM ISLAND ARC / OLDYNDA VOLCANIC-TECTONIC STRUCTURE,,53.5,53.5,110,111,SUBAERIAL,,,s KO-48 [15128],"ANDESITE, BASALTIC [15128]",,,LOWER [15128],CAMBRIAN [15128],,,,,VOLCANIC ROCK,,,,,WHOLE_ROCK [15128] ,252882.33500000002,5573.862,,84150.909,,8252.92,49514.01,,67539.15,31900.816,851.9038,,17516.164999999997,21365.4816,610.9894,,,,,,,,,,,,,,,,14100.,,,,,,,,,,,,,,,,,,,,,,,,,,,,,,170,280,,,28,130,,,,,,,,64,152,16,110,10,,,,,,,,,,,,,375,24.7,47.3,7,18.8,2.9,0.5,2.85,,1.7,0.41,1.16,,1.1,,,,,,,,,,,,,,,,,,,,,,,,,,,,,,,,,,,,,,,,517042,
[15128],INTRAPLATE VOLCANICS,BAIKAL-PATOM REGION / UDA-VITIM ISLAND ARC / OLDYNDA VOLCANIC-TECTONIC STRUCTURE,,53.5,53.5,110,111,SUBAERIAL,,,s 0724 [15128],"ANDESITE, BASALTIC [15128]",,,LOWER [15128],CAMBRIAN [15128],,,,,VOLCANIC ROCK,,,,,WHOLE_ROCK [15128] ,264568.21,5633.795999999999,,82827.78150000001,,13428.48,37465.86,,39880.26,10915.024,464.6748,,17599.18,23665.238299999997,1003.7683000000001,,,,,,,,,,,,,,,,72500.,,,,,,,,,,,,,,,,,,,,,,,,,,,,,,120,48,,,18,14,,,,,,,,49,160,26,175,17,,,,,,,,,,,,,413,28.7,57.2,8.9,24.3,4.2,0.79,4.3,,3,0.66,2,,1.75,0.28,,,,,,,,,,,,,,,,,,,,,,,,,,,,,,,,,,,,,,,517043,
[15128],INTRAPLATE VOLCANICS,BAIKAL-PATOM REGION / UDA-VITIM ISLAND ARC / OLDYNDA VOLCANIC-TECTONIC STRUCTURE,,53.5,53.5,110,111,SUBAERIAL,,,s KO-44 [15128],ANDESITE [15128],,,LOWER [15128],CAMBRIAN [15128],,,,,VOLCANIC ROCK,,,,,WHOLE_ROCK [15128] ,280461.,4854.654,,87326.41500000001,,12519.26,29304.21,,27587.42,7598.303999999999,697.0122,,24406.41,21810.5958,1003.7683000000001,,,,,,,,,,,,,,,,51800.,,,,,,,,,,,,,,,,,,,,,,,,,,,,,,48,34,,,9,6.7,,,,,,,,66,133,28,195,18,,,,,,,,,,,,,647,33.59,65.5,7.22,33.33,7.9,1.54,6.87,,6.33,1.22,3.67,,3.13,0.5,,,,,,,,,,,,,,,,,,,,,,,,,,,,,,,,,,,,,,,517044,
[15128],INTRAPLATE VOLCANICS,BAIKAL-PATOM REGION / UDA-VITIM ISLAND ARC / OLDYNDA VOLCANIC-TECTONIC STRUCTURE,,53.5,53.5,110,111,SUBAERIAL,,,s 0714 [15128],ANDESITE [15128],,,LOWER [15128],CAMBRIAN [15128],,,,,VOLCANIC ROCK,,,,,WHOLE_ROCK [15128] ,281863.305,8750.364,,76212.144,,15806.439999999999,52545.479999999996,,16866.92,18694.239999999998,1858.6992,,8301.5,25964.995,698.2736,,,,,,,,,,,,,,,,46300.,,,,,,,,,,,,,,,,,,,,,,,,,,,,,,10,48,,,27,13,,,,,,,,23,183,23,162,12,,,,,,,,,,,,,290,30.91,63.23,6.49,28.03,6.74,1.03,6.3,,6.15,1.22,3.97,,4.01,0.62,,,,,,,,,,,,,,,,,,,,,,,,,,,,,,,,,,,,,,,517045,
[15128],INTRAPLATE VOLCANICS,BAIKAL-PATOM REGION / UDA-VITIM ISLAND ARC / OLDYNDA VOLCANIC-TECTONIC STRUCTURE,,53.5,53.5,110,111,SUBAERIAL,,,s KO-45 [15128],DACITE [15128],,,LOWER [15128],CAMBRIAN [15128],,,,,VOLCANIC ROCK,,,,,WHOLE_ROCK [15128] ,306169.92500000005,3236.436,,66156.375,,9232.08,49203.090000000004,,16223.69,11035.632,1703.8076,,6309.14,24629.6524,392.77889999999996,,,,,,,,,,,,,,,,46000.,,,,,,,,,,,,,,,,,,,,,,,,,,,,,,20,44,,,6.3,0,,,,,,,,17,157,29,194,14,,,,,,,,,,,,,335,22.55,46.28,5.41,20.95,5.31,1.06,5.3,,5.45,1.03,3.27,,3,0.48,,,,,,,,,,,,,,,,,,,,,,,,,,,,,,,,,,,,,,,517046,
[15128],INTRAPLATE VOLCANICS,BAIKAL-PATOM REGION / UDA-VITIM ISLAND ARC / OLDYNDA VOLCANIC-TECTONIC STRUCTURE,,53.5,53.5,110,111,SUBAERIAL,,,s KO-40 [15128],DACITE [15128],,,LOWER [15128],CAMBRIAN [15128],,,,,VOLCANIC ROCK,,,,,WHOLE_ROCK [15128] ,308507.10000000003,3116.5679999999998,,70919.634,,7833.280000000001,27827.34,,26443.9,6331.92,619.5664,,12701.295,24703.8381,480.0631,,,,,,,,,,,,,,,,56900.00000000001,,,,,,,,,,,,,,,,,,,,,,,,,,,,,,41,45,,,6.8,3.5,,,,,,,,39,140,26,172,10,,,,,,,,,,,,,366,13.1,31.7,4.6,14.8,2.5,0.4,4.3,,2.7,0.73,2.36,,1.9,,,,,,,,,,,,,,,,,,,,,,,,,,,,,,,,,,,,,,,,517047,
[15128],INTRAPLATE VOLCANICS,BAIKAL-PATOM REGION / UDA-VITIM ISLAND ARC / OLDYNDA VOLCANIC-TECTONIC STRUCTURE,,53.5,53.5,110,111,SUBAERIAL,,,s 0704 [15128],RHYOLITE [15128],,,LOWER [15128],CAMBRIAN [15128],,,,,VOLCANIC ROCK,,,,,WHOLE_ROCK [15128] ,339357.81,1977.822,,59540.7375,,7973.159999999999,14768.699999999999,,20226.010000000002,5246.447999999999,1936.145,,10210.845,24407.0953,261.8526,,,,,,,,,,,,,,,,37100.,,,,,,,,,,,,,,,,,,,,,,,,,,,,,,9.6,39,,,4.3,4.6,,,,,,,,42,176,32,240,15,,,,,,,,,,,,,400,31.7,58.9,9,22.3,3.7,0.37,4,,3.1,0.78,2.4,,2,0.33,,,,,,,,,,,,,,,,,,,,,,,,,,,,,,,,,,,,,,,517048,
[15128],INTRAPLATE VOLCANICS,BAIKAL-PATOM REGION / UDA-VITIM ISLAND ARC / OLDYNDA VOLCANIC-TECTONIC STRUCTURE,,53.5,53.5,110,111,SUBAERIAL,,,s 0716 [15128],RHYOLITE [15128],,,LOWER [15128],CAMBRIAN [15128],,,,,VOLCANIC ROCK,,,,,WHOLE_ROCK [15128] ,351978.555,1138.7459999999999,,69331.881,,5175.5599999999995,7850.7300000000005,,8719.34,1869.424,154.8916,,11871.144999999999,31528.9225,0.,,,,,,,,,,,,,,,,21100.,,,,,,,,,,,,,,,,,,,,,,,,,,,,,,230,95,,,2.2,6.8,,,,,,,,38,193,19,115,13,,,,,,,,,,,,,1164,27.7,45,5.5,17.9,3.2,0.48,3.6,,3.2,0.6,2,,2.2,0.28,,,,,,,,,,,,,,,,,,,,,,,,,,,,,,,,,,,,,,,517049,
[15128],INTRAPLATE VOLCANICS,BAIKAL-PATOM REGION / UDA-VITIM ISLAND ARC / ABAGA VOLCANIC-TECTONIC STRUCTURE,,52,53,109,110,SUBAERIAL,,,s AB-48 [15128],"ANDESITE, BASALTIC [15128]",,,LOWER [15128],CAMBRIAN [15128],,,,,VOLCANIC ROCK,,,,,WHOLE_ROCK [15128] ,255686.94500000004,5154.324,,87855.66600000001,,35249.76,50446.770000000004,,21726.88,27136.8,619.5664,,25900.68,25445.6951,610.9894,,,,,,,,,,,,,,,,13000.,,,,,,,,,,,,,,,,,,,,,,,,,,,,,,120,160,,,22,19,,,,,,,,59,310,26,91,11,,,,,,,,,,,,,820,21,48,,20,5,1.4,5.3,,4,0.84,3,,2.8,0.36,,,,,,,,,,,,,,,,,,,,,,,,,,,,,,,,,,,,,,,517050,
[15128],INTRAPLATE VOLCANICS,BAIKAL-PATOM REGION / UDA-VITIM ISLAND ARC / ABAGA VOLCANIC-TECTONIC STRUCTURE,,52,53,109,110,SUBAERIAL,,,s AB-36 [15128],"ANDESITE, BASALTIC [15128]",,,LOWER [15128],CAMBRIAN [15128],,,,,VOLCANIC ROCK,,,,,WHOLE_ROCK [15128] ,265970.515,3775.8419999999996,,93677.427,,30423.899999999998,41274.63,,4717.02,14412.655999999999,154.8916,,47650.61,26187.552099999997,523.7052,,,,,,,,,,,,,,,,19700.,,,,,,,,,,,,,,,,,,,,,,,,,,,,,,66,20,,,6,12,,,,,,,,97,150,32,190,12,,,,,,,,,,,,,870,31,62,,27,6.7,1.4,6.1,,5,0.95,3.5,,3.4,0.5,,,,,,,,,,,,,,,,,,,,,,,,,,,,,,,,,,,,,,,517051,
[15128],INTRAPLATE VOLCANICS,BAIKAL-PATOM REGION / UDA-VITIM ISLAND ARC / ABAGA VOLCANIC-TECTONIC STRUCTURE,,52,53,109,110,SUBAERIAL,,,s AB-51-3 [15128],ANDESITE [15128],,,LOWER [15128],CAMBRIAN [15128],,,,,VOLCANIC ROCK,,,,,WHOLE_ROCK [15128] ,272514.605,4435.116,,83621.65800000001,,15806.439999999999,50058.12,,20297.48,23880.384,697.0122,,28059.07,26781.037699999997,523.7052,,,,,,,,,,,,,,,,19000.,,,,,,,,,,,,,,,,,,,,,,,,,,,,,,170,59,,,25,25,,,,,,,,63,250,34,130,9,,,,,,,,,,,,,660,33,68,,25,6,1.3,5.8,,4,0.93,3.1,,3.6,0.42,,,,,,,,,,,,,,,,,,,,,,,,,,,,,,,,,,,,,,,517052,
[15128],INTRAPLATE VOLCANICS,BAIKAL-PATOM REGION / UDA-VITIM ISLAND ARC / ABAGA VOLCANIC-TECTONIC STRUCTURE,,52,53,109,110,SUBAERIAL,,,s AB-43 [15128],ANDESITE [15128],,,LOWER [15128],CAMBRIAN [15128],,,,,VOLCANIC ROCK,,,,,WHOLE_ROCK [15128] ,286537.655,4554.9839999999995,,76741.395,,28325.699999999997,44072.909999999996,,8719.34,28945.92,232.3374,,15440.79,14392.0258,523.7052,,,,,,,,,,,,,,,,31100.,,,,,,,,,,,,,,,,,,,,,,,,,,,,,,150,10,,,14,18,,,,,,,,42,93,27,160,12,,,,,,,,,,,,,91,15,32,,14,3.3,0.82,3.5,,3.3,0.64,2.6,,2.2,0.29,,,,,,,,,,,,,,,,,,,,,,,,,,,,,,,,,,,,,,,517053,
[15128],INTRAPLATE VOLCANICS,BAIKAL-PATOM REGION / UDA-VITIM ISLAND ARC / ABAGA VOLCANIC-TECTONIC STRUCTURE,,52,53,109,110,SUBAERIAL,,,s AB-49 [15128],DACITE [15128],,,LOWER [15128],CAMBRIAN [15128],,,,,VOLCANIC ROCK,,,,,WHOLE_ROCK [15128] ,318790.67000000004,4195.379999999999,,78593.7735,,13778.18,13991.4,,4145.259999999999,4583.103999999999,232.3374,,70396.72,2522.3138,567.3473,,,,,,,,,,,,,,,,16400.,,,,,,,,,,,,,,,,,,,,,,,,,,,,,,38,100,,,4,9,,,,,,,,150,130,41,240,17,,,,,,,,,,,,,740,39,80,,35,6,1.1,8,,4.5,0.89,3.2,,2.8,0.38,,,,,,,,,,,,,,,,,,,,,,,,,,,,,,,,,,,,,,,517054,
[15128],INTRAPLATE VOLCANICS,BAIKAL-PATOM REGION / UDA-VITIM ISLAND ARC / ABAGA VOLCANIC-TECTONIC STRUCTURE,,52,53,109,110,SUBAERIAL,,,s AB-41 [15128],RHYOLITE [15128],,,LOWER [15128],CAMBRIAN [15128],,,,,VOLCANIC ROCK,,,,,WHOLE_ROCK [15128] ,337020.635,1678.152,,67744.12800000001,,17904.64,8317.11,,6575.240000000001,5246.447999999999,154.8916,,59853.815,4228.5849,218.21050000000002,,,,,,,,,,,,,,,,12800.,,,,,,,,,,,,,,,,,,,,,,,,,,,,,,6,12,,,2,10,,,,,,,,110,120,50,330,18,,,,,,,,,,,,,910,39,78,,32,8,1.2,7.5,,5.8,1,4,,4.1,0.58,,,,,,,,,,,,,,,,,,,,,,,,,,,,,,,,,,,,,,,517055,