Citations,Tectonic Setting,Location,Location Comment,Latitude (Min),Latitude (Max),Longitude (Min),Longitude (Max),Land or Sea,Elevation (Min),Elevation (Max),Sample Name,Rock Name,"Age (a, Min)","Age (a, Max)",Geol,Age,Eruption Day,Eruption Month,Eruption Year,Rock Texture,Rock Type,Drill Depth (Min),Drill Depth (Max),Alteration,Mineral,Material,Si,Ti,B,Al,Cr,Fe3+,Fe2+,Fetot(2+),Ca,Mg,Mn,Ni,K,Na,P,H2O,H2OP,H2OM,H2Otot,CO2,CO,F,Cl,Cl2,OH,CH4,SO2,SO3,SO4,S,LOI,Volatiles,O,Others,HE(CCM/G),HE(CCMSTP/G),HE3(CCMSTP/G),HE3(AT/G),HE4(CCM/G),HE4(CCMSTP/G),HE4(AT/G),HE4(MOLE/G),HE4(NCC/G),HE(NCC/G),Li,Be,B,C,CO2,F,Na,Mg,Al,P,S,Cl,K,Ca,Sc,Ti,V,Cr,Mn,Fe,Co,Ni,Cu,Zn,Ga,Ge,As,Se,Br,Rb,Sr,Y,Zr,Nb,Mo,Ru,Rh,Pd,Ag,Cd,In,Sn,Sb,Te,I,Cs,Ba,La,Ce,Pr,Nd,Sm,Eu,Gd,Tb,Dy,Ho,Er,Tm,Yb,Lu,Hf,Ta,W,Re,Os,Ir,Pt,Au,Hg,Tl,Pb,Bi,Th,U,Nd143/Nd144,Nd143/Nd144 initial,e Nd,Sr87/Sr86,SR87_SR86_INI,PB206_PB204,PB206_PB204_INI,PB207_PB204,PB207_PB204_INI,PB208_PB204,PB208_PB204_INI,OS184_OS188,OS186_OS188,OS187_OS186,OS187_OS188,RE187_OS186,RE187_OS188,HF176_HF177,HE3_HE4,HE3_HE4(R/R(A)),HE4_HE3,HE4_HE3(R/R(A)),K40_AR40,AR40_K40,Unique Id,
[2243],INTRAPLATE VOLCANICS,BERING SEA BASALT PROVINCE - CENOZOIC / ALASKA / SEWARD PENINSULA / LAKE IMURUK / OLD CROW TEPHRA,LAKE IMURUK V CORE,65.3583,65.3583,-163.2,-163.2,SUBAERIAL,,,s UT371 [2243],"DACITE, CALC-ALKALINE [2243]",,,UPPER [2243],QUATERNARY [2243],,,,,VOLCANIC ROCK,,,,,VOLCANIC GLASS [2243] ,,,,,,16296.02,,,,,,,,26484.294899999997,,,,,,,,,,,,,,,,,,,,,,,,,,,,,,,,,,,,,,,,,,,,,7.1,,,,,,,,,,,,,,,,,,,,,,,,,,,,,,,3.6,1100,25,50,,23,5.69,0.93,,0.8,,,,,3.8,0.7,6,0.8,,,,,,,,,,,10.3,3.8,,,,,,,,,,,,,,,,,,,,,,,,,107053,
[2242],INTRAPLATE VOLCANICS,BERING SEA BASALT PROVINCE - CENOZOIC / ALASKA / ST. LAWRENCE ISLAND,,63.3,63.3,-169.15,-169.15,SUBAERIAL,,,s 69AHR174 [2242],NOT GIVEN [2242],,,,QUATERNARY [2242],,,,,VOLCANIC ROCK,,,,,WHOLE_ROCK [2242] ,208008.575,,,,,,,,,,,,,,,,,,,,,,,,,,,,,,,,,,,,,,,,,,,,,,,,,,,,,,,,16600,,,,,,,,,,,,,,,,,,,,,,,,,,,,,,,,,,,,,,,,,,,,,,,,,,,,,,,,,,,,,,,0.512092,,,0.7034,,,,,,,,,,,,,,,,,,,,,213313,
[2242],INTRAPLATE VOLCANICS,BERING SEA BASALT PROVINCE - CENOZOIC / ALASKA / ST. LAWRENCE ISLAND,,63.3,63.3,-169.15,-169.15,SUBAERIAL,,,s 69AHR175 [2242],NOT GIVEN [2242],,,,QUATERNARY [2242],,,,,VOLCANIC ROCK,,,,,WHOLE_ROCK [2242] ,225303.67000000004,,,,,,,,,,,,,,,,,,,,,,,,,,,,,,,,,,,,,,,,,,,,,,,,,,,,,,,,8300,,,,,,,,,,,,,,,,,,,,,,,,,,,,,,,,,,,,,,,,,,,,,,,,,,,,,,,,,,,,,,,0.512063,,,0.70374,,,,,,,,,,,,,,,,,,,,,213314,
[8530],INTRAPLATE VOLCANICS,BERING SEA BASALT PROVINCE - CENOZOIC / RUSSIA / CHUKCHI PENINSULA / ENMELEN VOLCANIC FIELD,,65.02,65.02,175.9,175.9,SUBAERIAL,,,s 121-4 [8530],"NEPHELINITE, LEUCITE-OLIVINE [8530]",,,UPPER [8530],CENOZOIC [8530],,,,,VOLCANIC ROCK,,,,,WHOLE_ROCK [8530] ,183888.92900000003,28708.386,,61393.116,136.84,32941.74,70345.65000000001,,58605.399999999994,74415.136,1239.1328,157.16,30217.460000000003,27893.8232,3273.1575000000003,,5500.,1300.,,100.,,,,,,,,,,,,,,,,,,,,,,,,,,,,,,,,,,,,,,,15.5,,,162,,,67.6,255,,,,,,,,54.8,865,19,278,77,,,,,,,,,,,,0.5,209,40.8,76.9,,36.6,8.4,2.5,,1,,,,,1.4,0.2,5.8,5.3,,,,,,,,,,,4.9,1.5,0.513034,,,0.703108,,18.42,,15.51,,38.19,,,,,,,,,,,,,,,224948,
[8530],INTRAPLATE VOLCANICS,BERING SEA BASALT PROVINCE - CENOZOIC / RUSSIA / CHUKCHI PENINSULA / ENMELEN VOLCANIC FIELD,,65.02,65.02,175.9,175.9,SUBAERIAL,,,s 121-6 [8530],"NEPHELINITE, LEUCITE-OLIVINE [8530]",,,UPPER [8530],CENOZOIC [8530],,,,,VOLCANIC ROCK,,,,,WHOLE_ROCK [8530] ,194219.2425,26430.894,,60334.614,205.26,36578.62,64826.82,,61607.13999999999,74716.656,1161.687,157.16,22081.99,25594.0665,2924.0207,,4500.,100.,,100.,,,,,,,,,,,4700.,,,,,,,,,,,,,,,,,,,,,,,,,,,,18.2,,,272,,,64.2,262,,,,,,,,40.3,750,17,251,56,,,,,,,,,,,,0.3,689,33.1,62.5,,32.4,7.9,2.4,,1,,,,,1.5,0.2,6,4.4,,,,,,,,,,,3.7,1.1,0.513041,,,0.703146,,18.32,,15.49,,38.04,,,,,,,,,,,,,,,224949,
[8530],INTRAPLATE VOLCANICS,BERING SEA BASALT PROVINCE - CENOZOIC / RUSSIA / CHUKCHI PENINSULA / ENMELEN VOLCANIC FIELD,,65.02,65.02,175.9,175.9,SUBAERIAL,,,s 122 [8530],"NEPHELINITE, LEUCITE-OLIVINE [8530]",,,UPPER [8530],CENOZOIC [8530],,,,,VOLCANIC ROCK,,,,,WHOLE_ROCK [8530] ,195621.54750000002,26490.827999999998,,64462.7718,,,,96540.66,66109.75,70495.37599999999,1239.1328,,12701.295,27597.0804,3273.1575000000003,,,,,,,,,,,,,,,,6400.,,,,,,,,,,,,,,,,,,,,,,,,,,,,17.7,,,223,,,63.1,245,,,,,,,,22,925,21,274,69,,,,,,,,,,,,0.2,,37.2,70,,34.9,8.2,2.5,,1,,,,,1.4,0.2,5.8,4.6,,,,,,,,,,,4.4,1.1,0.513024,,,0.703138,,18.33,,15.48,,38.05,,,,,,,,,,,,,,,224950,
[8530],INTRAPLATE VOLCANICS,BERING SEA BASALT PROVINCE - CENOZOIC / RUSSIA / CHUKCHI PENINSULA / ENMELEN VOLCANIC FIELD,,65.02,65.02,175.9,175.9,SUBAERIAL,,,s 125 [8530],"NEPHELINITE, LEUCITE-OLIVINE [8530]",,,UPPER [8530],CENOZOIC [8530],,,,,VOLCANIC ROCK,,,,,WHOLE_ROCK [8530] ,190947.1975,20916.966,,56629.856999999996,273.68,32871.8,63427.68,,68110.90999999999,75018.17599999999,1471.4702,157.16,24323.395,30267.7656,4058.7153000000003,,5000.,100.,,100.,,,,,,,,,,,5200.,,,,,,,,,,,,,,,,,,,,,,,,,,,,17.2,,,332,,,62.5,293,,,,,,,,57.3,1063,21,313,98,,,,,,,,,,,,0.8,844,59,109.6,,52.6,11.1,3.2,,1.2,,,,,1.6,0.2,6.6,6.8,,,,,,,,,,,8,2.1,0.512998,,,0.703216,,18.42,,15.5,,38.17,,,,,,,,,,,,,,,224951,
[8530],INTRAPLATE VOLCANICS,BERING SEA BASALT PROVINCE - CENOZOIC / RUSSIA / CHUKCHI PENINSULA / ENMELEN VOLCANIC FIELD,,65.02,65.02,175.9,175.9,SUBAERIAL,,,s 125-5 [8530],"NEPHELINITE, LEUCITE-OLIVINE [8530]",,,UPPER [8530],CENOZOIC [8530],,,,,VOLCANIC ROCK,,,,,WHOLE_ROCK [8530] ,192910.42450000002,19118.946,,59276.112,410.52,82389.31999999999,4430.61,,62607.72,82314.95999999999,1161.687,314.32,21251.84,21810.5958,3011.3048999999996,,14500.,5000.,,100.,,,,,,,,,,,19600.,,,,,,,,,,,,,,,,,,,,,,,,,,,,,,,,,,,,,,,,,,,,729,17,213,69,,,,,,,,,,,,,,,,,,,,,,,,,,,,,,,,,,,,,,,,,,,,,,,,,,,,,,,,,,,,,,,,,,224952,
[8530],INTRAPLATE VOLCANICS,BERING SEA BASALT PROVINCE - CENOZOIC / RUSSIA / CHUKCHI PENINSULA / ENMELEN VOLCANIC FIELD,,65.02,65.02,175.9,175.9,SUBAERIAL,,,s 127 [8530],"NEPHELINITE, LEUCITE-OLIVINE [8530]",,,UPPER [8530],CENOZOIC [8530],,,,,VOLCANIC ROCK,,,,,WHOLE_ROCK [8530] ,193751.80750000002,23134.523999999998,,65627.12400000001,205.26,33221.5,58064.31,,69111.49,82616.48,1239.1328,,24904.5,23739.424,2967.6628,,6400.,600.,,100.,,,,,,,,,,,700.0000000000001,,,,,,,,,,,,,,,,,,,,,,,,,,,,20.3,,,314,,,68.2,320,,,,,,,,53.1,759,14,214,65,,,,,,,,,,,,0.5,838,38.6,70.6,,32.5,7.3,2.2,,0.8,,,,,1.2,0.2,4.8,4.6,,,,,,,,,,,4.8,1.2,0.513032,,,0.70311,,18.32,,15.47,,38.03,,,,,,,,,,,,,,,224953,
[8530],INTRAPLATE VOLCANICS,BERING SEA BASALT PROVINCE - CENOZOIC / RUSSIA / CHUKCHI PENINSULA / ENMELEN VOLCANIC FIELD,,65.02,65.02,175.9,175.9,SUBAERIAL,,,s 135-1 [8530],"NEPHELINITE, LEUCITE-OLIVINE [8530]",,,UPPER [8530],CENOZOIC [8530],,,,,VOLCANIC ROCK,,,,,WHOLE_ROCK [8530] ,191087.428,24033.533999999996,,61393.116,136.84,33641.14,69257.43000000001,,61106.850000000006,71399.936,1239.1328,157.16,25236.56,27819.637499999997,1832.9682,,10000,2800.0000000000005,,100.,,,,,,,,,,,,,,,,,,,,,,,,,,,,,,,,,,,,,,,17,,,183,,,65.7,241,,,,,,,,52.6,794,17,260,64,,,,,,,,,,,,0.4,691,38.1,71.8,,36.5,8.1,2.5,,1,,,,,1.3,0.2,5.9,4.9,,,,,,,,,,,4.5,1.3,,,,,,,,,,,,,,,,,,,,,,,,,224954,
[8530],INTRAPLATE VOLCANICS,BERING SEA BASALT PROVINCE - CENOZOIC / RUSSIA / CHUKCHI PENINSULA / ENMELEN VOLCANIC FIELD,,65.02,65.02,175.9,175.9,SUBAERIAL,,,s N-1 [8530],"NEPHELINITE, OLIVINE [8530]",,,UPPER [8530],CENOZOIC [8530],,,,,VOLCANIC ROCK,,,,,WHOLE_ROCK [8530] ,188796.9965,20857.032,,61393.116,,,,101359.92,79760.52,60002.47999999999,1548.9160000000002,,19508.525,36128.4359,6066.251899999999,,,,,,,,,,,,,,,,,,,,,,,,,,,,,,,,,,,,,,,,,,,,7.9,,,202,,,54.3,163,,,,,,,,28.5,1353,34,267,104,,,,,,,,,,,,,539,73.9,,,,,,,,,,,,,,,,,,,,,,,,,,,,,,,,,,,,,,,,,,,,,,,,,,,,224955,
[8530],INTRAPLATE VOLCANICS,BERING SEA BASALT PROVINCE - CENOZOIC / RUSSIA / CHUKCHI PENINSULA / ENMELEN VOLCANIC FIELD,,65.02,65.02,175.9,175.9,SUBAERIAL,,,s 310-6 [8530],TEPHRITE [8530],,,UPPER [8530],CENOZOIC [8530],,,,,VOLCANIC ROCK,,,,,WHOLE_ROCK [8530] ,205110.47800000003,22595.118,,64992.0228,,,,87213.06000000001,70040.6,70374.768,1161.687,,18263.300000000003,23145.9384,2574.8839,,,,,,,,,,,,,,,,600.,,,,,,,,,,,,,,,,,,,,,,,,,,,,20.8,,,296,,,58.6,242,,,,,,,,42.5,777,,198,,,,,,,,,,,,,0.4,462,29.7,57.9,,28.6,7.7,2.3,,0.9,,,,,1.3,0.2,5,3.7,,,,,,,,,,,3.5,0.9,0.513024,,,0.703282,,18.41,,15.5,,38.14,,,,,,,,,,,,,,,224956,
[8530],INTRAPLATE VOLCANICS,BERING SEA BASALT PROVINCE - CENOZOIC / RUSSIA / CHUKCHI PENINSULA / ENMELEN VOLCANIC FIELD,,65.02,65.02,175.9,175.9,SUBAERIAL,,,s 122-1 [8530],"MEGACRYST, CLINOPYROXENE, XENOLITH [8530]",,,UPPER [8530],CENOZOIC [8530],,,,,MANTLE XENOLITH,,,,,WHOLE_ROCK [8530] ,244047.81350000002,3296.37,,37576.820999999996,2394.7,,,45394.32,104917.95999999999,111441.792,1006.7954,628.64,332.06,10905.2979,,,,,,,,,,,,,,,,,,,,,,,,,,,,,,,1.2,0.07,0.17,,,,,,,,,,,,,3366,,2204,,,,,,,,,,,,,57,7.5,14.4,0.19,,,,,,,,,,,,,0.05,1.12,3.8,,3.8,1.36,0.48,,,1.46,,0.67,,0.55,,,,,,,,,,,,,,,,,,,,,,,,,,,,,,,,,,,,,,,,224957,
[8530],INTRAPLATE VOLCANICS,BERING SEA BASALT PROVINCE - CENOZOIC / RUSSIA / CHUKCHI PENINSULA / ENMELEN VOLCANIC FIELD,,65.02,65.02,175.9,175.9,SUBAERIAL,,,s EN126-6 [8530],"MEGACRYST, CLINOPYROXENE, XENOLITH [8530]",,,UPPER [8530],CENOZOIC [8530],,,,,MANTLE XENOLITH,,,,,WHOLE_ROCK [8530] ,245824.06650000004,2697.0299999999997,,34083.7644,3694.6800000000003,,,44461.56,96484.5,119040.09599999999,1084.2412000000002,392.90000000000003,166.03,10534.3694,,,,,,,,,,,,,,,,,,,,,,,,,,,,,,,1.1,0.06,0.06,,,,,,,,,,93,,,288,212,2886,,,,,,,,,,,,,53,7.3,11.5,0.26,,,,,,,,,,,,,0.16,0.85,3.2,,3.6,1.38,0.57,,,1.48,,0.67,,0.64,,0.75,,,,,,,,,,,,0.02,,,,,,,,,,,,,,,,,,,,,,,,,,224958,
[8530],INTRAPLATE VOLCANICS,BERING SEA BASALT PROVINCE - CENOZOIC / RUSSIA / CHUKCHI PENINSULA / ENMELEN VOLCANIC FIELD,,65.02,65.02,175.9,175.9,SUBAERIAL,,,s EN131-27 [8530],"MEGACRYST, CLINOPYROXENE, XENOLITH [8530]",,,UPPER [8530],CENOZOIC [8530],,,,,MANTLE XENOLITH,,,,,WHOLE_ROCK [8530] ,242178.07350000003,4015.578,,37947.2967,1299.98,,,49747.200000000004,102988.27,106255.648,1316.5786,314.32,166.03,11869.712,,,,,,,,,,,,,,,,,,,,,,,,,,,,,,,1.5,0.09,0.12,,,,,,,,,,96,,,4049,257,1051,,,,,,,,,,,,,54,8.7,18.7,0.22,,,,,,,,,,,,,0.12,1.04,3.8,,4.5,1.71,0.8,,,1.79,,0.8,,0.64,,0.9,,,,,,,,,,,,0.02,,,,,,,,,,,,,,,,,,,,,,,,,,224959,
[8530],INTRAPLATE VOLCANICS,BERING SEA BASALT PROVINCE - CENOZOIC / RUSSIA / CHUKCHI PENINSULA / ENMELEN VOLCANIC FIELD,,65.02,65.02,175.9,175.9,SUBAERIAL,,,s GYT10S [8530],"MEGACRYST, CLINOPYROXENE, XENOLITH [8530]",,,UPPER [8530],CENOZOIC [8530],,,,,MANTLE XENOLITH,,,,,WHOLE_ROCK [8530] ,243440.14800000002,3476.1719999999996,,36888.7947,1094.72,,,45860.700000000004,106061.48,108969.328,1006.7954,235.73999999999998,83.015,11053.6693,,,,,,,,,,,,,,,,,,,,,,,,,,,,,,,16.1,0.08,0.05,,,,,,,,,,70,,,340,247,979,,,,,,,,,,,,,59,6.9,14.1,0.24,,,,,,,,,,,,,0.1,1.17,4.3,,4.4,1.54,0.59,,,1.52,,0.75,,0.59,,0.72,,,,,,,,,,,,0.03,,,,,,,,,,,,,,,,,,,,,,,,,,224960,
[8530],INTRAPLATE VOLCANICS,BERING SEA BASALT PROVINCE - CENOZOIC / RUSSIA / CHUKCHI PENINSULA / ENMELEN VOLCANIC FIELD,,65.02,65.02,175.9,175.9,SUBAERIAL,,,s GYT12S [8530],"MEGACRYST, CLINOPYROXENE, XENOLITH [8530]",,,UPPER [8530],CENOZOIC [8530],,,,,MANTLE XENOLITH,,,,,WHOLE_ROCK [8530] ,242084.5865,3895.71,,37841.446500000005,752.62,,,47182.11,108848.81,105833.52,1239.1328,157.16,83.015,12018.0834,,,,,,,,,,,,,,,,,,,,,,,,,,,,,,,1.3,0.1,0.19,,,,,,,,,,95,,,4041,254,711,,,,,,,,,,,,,67,7.8,18.3,0.22,,,,,,,,,,,,,0.13,1.14,4.8,,5.1,2.02,0.54,,,1.68,,0.66,,0.64,,0.95,,,,,,,,,,,,0.03,,,,,,,,,,,,,,,,,,,,,,,,,,224961,
[8530],INTRAPLATE VOLCANICS,BERING SEA BASALT PROVINCE - CENOZOIC / RUSSIA / CHUKCHI PENINSULA / ENMELEN VOLCANIC FIELD,,65.02,65.02,175.9,175.9,SUBAERIAL,,,s GYT40S [8530],"MEGACRYST, CLINOPYROXENE, XENOLITH [8530]",,,UPPER [8530],CENOZOIC [8530],,,,,MANTLE XENOLITH,,,,,WHOLE_ROCK [8530] ,242178.07350000003,3655.9739999999997,,36518.319,2668.38,,,42829.229999999996,106704.70999999999,111140.272,1084.2412000000002,235.73999999999998,83.015,10831.1122,,,,,,,,,,,,,,,,,,,,,,,,,,,,,,,2.3,0.08,0.07,,,,,,,,,,95,,,372,235,2130,,,,,,,,,,,,,63,7.7,17.3,0.22,,,,,,,,,,,,,0.14,1.34,4.3,,4.9,1.91,0.6,,,1.6,,0.77,,0.67,,0.82,,,,,,,,,,,,0.02,,,,,,,,,,,,,,,,,,,,,,,,,,224962,
[8530],INTRAPLATE VOLCANICS,BERING SEA BASALT PROVINCE - CENOZOIC / RUSSIA / CHUKCHI PENINSULA / ENMELEN VOLCANIC FIELD,,65.02,65.02,175.9,175.9,SUBAERIAL,,,s GYT41S [8530],"MEGACRYST, CLINOPYROXENE, XENOLITH [8530]",,,UPPER [8530],CENOZOIC [8530],,,,,MANTLE XENOLITH,,,,,WHOLE_ROCK [8530] ,246057.784,2517.2279999999996,,34189.6146,4105.2,,,42051.93,102202.1,115542.46399999999,1084.2412000000002,471.47999999999996,83.015,10163.4409,,,,,,,,,,,,,,,,,,,,,,,,,,,,,,,1.3,0.06,0.15,,,,,,,,,,76,,,2616,206,3187,,,,,,,,,,,,,51,5.9,10.9,0.23,,,,,,,,,,,,,0.1,1.16,3.6,,3.7,1.24,0.57,,,1.25,,0.61,,0.51,,0.59,,,,,,,,,,,,0.02,,,,,,,,,,,,,,,,,,,,,,,,,,224963,
[8530],INTRAPLATE VOLCANICS,BERING SEA BASALT PROVINCE - CENOZOIC / RUSSIA / CHUKCHI PENINSULA / ENMELEN VOLCANIC FIELD,,65.02,65.02,175.9,175.9,SUBAERIAL,,,s GYT6S [8530],"MEGACRYST, CLINOPYROXENE, XENOLITH [8530]",,,UPPER [8530],CENOZOIC [8530],,,,,MANTLE XENOLITH,,,,,WHOLE_ROCK [8530] ,248254.72850000003,1857.954,,28950.0297,6089.38,,,40730.520000000004,97556.55,121814.07999999999,1084.2412000000002,314.32,83.015,9718.3267,,,,,,,,,,,,,,,,,,,,,,,,,,,,,,,23,0.05,0.07,,,,,,,,,,72,,,1946,178,4718,,,,,,,,,,,,,44,4.9,7.4,0.25,,,,,,,,,,,,,0.1,0.95,3.1,,3.1,0.98,0.38,,,0.94,,0.46,,0.45,,0.37,,,,,,,,,,,,0.02,,,,,,,,,,,,,,,,,,,,,,,,,,224964,
[8530],INTRAPLATE VOLCANICS,BERING SEA BASALT PROVINCE - CENOZOIC / RUSSIA / CHUKCHI PENINSULA / ENMELEN VOLCANIC FIELD,,65.02,65.02,175.9,175.9,SUBAERIAL,,,s GYT9S [8530],"MEGACRYST, CLINOPYROXENE, XENOLITH [8530]",,,UPPER [8530],CENOZOIC [8530],,,,,MANTLE XENOLITH,,,,,WHOLE_ROCK [8530] ,244561.99200000003,3056.634,,36888.7947,2052.6,,,43995.18,104346.2,112647.87199999999,1239.1328,78.58,166.03,11202.0407,,,,,,,,,,,,,,,,,,,,,,,,,,,,,,,1.2,0.08,0.11,,,,,,,,,,89,,,3128,232,1739,,,,,,,,,,,,,53,7,13.6,0.21,,,,,,,,,,,,,0.14,0.84,3.7,,4.2,1.48,0.34,,,1.48,,0.71,,0.57,,0.68,,,,,,,,,,,,0.02,,,,,,,,,,,,,,,,,,,,,,,,,,224965,
[8530],INTRAPLATE VOLCANICS,BERING SEA BASALT PROVINCE - CENOZOIC / RUSSIA / CHUKCHI PENINSULA / ENMELEN VOLCANIC FIELD,,65.02,65.02,175.9,175.9,SUBAERIAL,,,s TAM14S [8530],"MEGACRYST, CLINOPYROXENE, XENOLITH [8530]",,,UPPER [8530],CENOZOIC [8530],,,,,MANTLE XENOLITH,,,,,WHOLE_ROCK [8530] ,244094.557,3296.37,,36624.169200000004,1368.4,,,46016.159999999996,106275.89,109512.064,1161.687,471.47999999999996,249.045,11721.3406,,,,,,,,,,,,,,,,,,,,,,,,,,,,,,,1.2,0.08,0.1,,,,,,,,,,97,,,3362,249,1178,,,,,,,,,,,,,57,6.7,14.2,0.22,,,,,,,,,,,,,0.18,1.06,4.1,,4.1,1.52,0.64,,,1.41,,0.72,,0.54,,0.7,,,,,,,,,,,,0.02,,,,,,,,,,,,,,,,,,,,,,,,,,224966,
[8530],INTRAPLATE VOLCANICS,BERING SEA BASALT PROVINCE - CENOZOIC / RUSSIA / CHUKCHI PENINSULA / ENMELEN VOLCANIC FIELD,,65.02,65.02,175.9,175.9,SUBAERIAL,,,s TAM21S [8530],"MEGACRYST, CLINOPYROXENE, XENOLITH [8530]",,,UPPER [8530],CENOZOIC [8530],,,,,MANTLE XENOLITH,,,,,WHOLE_ROCK [8530] ,244982.6835,2996.7,,36888.7947,3078.9,,,41352.36,108920.28,110657.84,1161.687,,,10163.4409,,,,,,,,,,,,,,,,,,,,,,,,,,,,,,,1.4,0.08,0.06,,,,,,,,,,80,,,3179,229,2402,,,,,,,,,,,,,56,6.7,13.1,0.26,,,,,,,,,,,,,0.1,1.16,4.5,,4.7,1.46,0.55,,,1.35,,0.64,,0.58,,0.58,,,,,,,,,,,,0.03,,,,,,,,,,,,,,,,,,,,,,,,,,224967,
[8530],INTRAPLATE VOLCANICS,BERING SEA BASALT PROVINCE - CENOZOIC / RUSSIA / CHUKCHI PENINSULA / ENMELEN VOLCANIC FIELD,,65.02,65.02,175.9,175.9,SUBAERIAL,,,s 1070C [8530],"MEGACRYST, CLINOPYROXENE, XENOLITH [8530]",,,UPPER [8530],CENOZOIC [8530],,,,,MANTLE XENOLITH,,,,,WHOLE_ROCK [8530] ,236615.597,9289.77,,42975.1812,136.84,,,57442.469999999994,116067.27999999998,82134.048,1161.687,235.73999999999998,83.015,17582.0109,,,,,,,,,,,,,,,,,,,,,,,,,,,,,,,1.5,0.33,0.12,,,,,,,,,,,,,9391,,124,,,,,,,,,,,,,106,9.7,71.7,0.46,,,,,,,,,,,,,0.08,1.12,8.2,,9,2.79,0.74,,,2.33,,0.94,,0.8,,,,,,,,,,,,,,0.03,,,,,,,,,,,,,,,,,,,,,,,,,,224968,
[8530],INTRAPLATE VOLCANICS,BERING SEA BASALT PROVINCE - CENOZOIC / RUSSIA / CHUKCHI PENINSULA / ENMELEN VOLCANIC FIELD,,65.02,65.02,175.9,175.9,SUBAERIAL,,,s 1070R [8530],"MEGACRYST, CLINOPYROXENE, XENOLITH [8530]",,,UPPER [8530],CENOZOIC [8530],,,,,MANTLE XENOLITH,,,,,WHOLE_ROCK [8530] ,238625.5675,9469.572,,42710.555700000004,205.26,,,57520.200000000004,114423.47000000002,82073.74399999999,1161.687,,83.015,15578.997,,,,,,,,,,,,,,,,,,,,,,,,,,,,,,,1.6,0.33,0.13,,,,,,,,,,,,,9406,,124,,,,,,,,,,,,,107,10,73.6,0.43,,,,,,,,,,,,,0.09,2.2,8.3,,9.1,3.05,1.12,,,2.41,,0.84,,0.72,,,,,,,,,,,,,,,,,,,,,,,,,,,,,,,,,,,,,,,,224969,
[8530],INTRAPLATE VOLCANICS,BERING SEA BASALT PROVINCE - CENOZOIC / RUSSIA / CHUKCHI PENINSULA / ENMELEN VOLCANIC FIELD,,65.02,65.02,175.9,175.9,SUBAERIAL,,,s 121-B [8530],"MEGACRYST, CLINOPYROXENE, XENOLITH [8530]",,,UPPER [8530],CENOZOIC [8530],,,,,MANTLE XENOLITH,,,,,WHOLE_ROCK [8530] ,239934.3855,5094.389999999999,,38794.098300000005,0,,,56198.79,106132.95,97813.08799999999,1006.7954,157.16,83.015,15133.8828,,,,,,,,,,,,,,,,,,,,,,,,,,,,,,,1.7,0.13,0.23,,,,,,,,,,,,,5324,,261,,,,,,,,,,,,,80,7.7,25.3,0.24,,,,,,,,,,,,,0.09,2.25,5.6,,6,1.94,0.77,,,1.75,,0.7,,0.6,,,,,,,,,,,,,,0.01,,,,,,,,,,,,,,,,,,,,,,,,,,224970,
[8530],INTRAPLATE VOLCANICS,BERING SEA BASALT PROVINCE - CENOZOIC / RUSSIA / CHUKCHI PENINSULA / ENMELEN VOLCANIC FIELD,,65.02,65.02,175.9,175.9,SUBAERIAL,,,s 130-10P [8530],"MEGACRYST, CLINOPYROXENE, XENOLITH [8530]",,,UPPER [8530],CENOZOIC [8530],,,,,MANTLE XENOLITH,,,,,WHOLE_ROCK [8530] ,,,,,,,,,,,,,,,,,,,,,,,,,,,,,,,,,,,,,,,,,,,,,,,,,,,,,,,,,,,,,,,,,,,,,,,,,,28.6,218.2,,,,,,,,,,,,,,,,,,,,12.4,4.48,,,,,,,,,,,,,,,,,,,,,,,,0.51298,,,0.70331,,38.501,,15.566,,18.508,,,,,,,,,,,,,,,224976,
[8530],INTRAPLATE VOLCANICS,BERING SEA BASALT PROVINCE - CENOZOIC / RUSSIA / CHUKCHI PENINSULA / ENMELEN VOLCANIC FIELD,,65.02,65.02,175.9,175.9,SUBAERIAL,,,s 125-5MG [8530],"MEGACRYST, CLINOPYROXENE, XENOLITH [8530]",,,UPPER [8530],CENOZOIC [8530],,,,,MANTLE XENOLITH,,,,,WHOLE_ROCK [8530] ,237223.2625,9050.034,,39958.4505,0,,,58686.15,125286.91,79661.584,1006.7954,,83.015,17804.568,,,,,,,,,,,,,,,,,,,,,,,,,,,,,,,1.8,0.43,0.13,,,,,,,,,,,,,9909,,103,,,,,,,,,,,,,130,9.6,98.2,0.6,,,,,,,,,,,,,0.11,1.21,10.6,,10.7,3.32,1.31,,,2.4,,0.82,,0.74,,,,,,,,,,,,,,0.03,,,,,,,,,,,,,,,,,,,,,,,,,,224978,
[8530],INTRAPLATE VOLCANICS,BERING SEA BASALT PROVINCE - CENOZOIC / RUSSIA / CHUKCHI PENINSULA / ENMELEN VOLCANIC FIELD,,65.02,65.02,175.9,175.9,SUBAERIAL,,,s 125-5A [8530],"MEGACRYST, CLINOPYROXENE, XENOLITH [8530]",,,UPPER [8530],CENOZOIC [8530],,,,,MANTLE XENOLITH,,,,,WHOLE_ROCK [8530] ,241383.434,5034.455999999999,,39905.5254,273.68,,,54566.46,108491.45999999999,100164.94399999999,1006.7954,314.32,83.015,13798.5402,,,,,,,,,,,,,,,,,,,,,,,,,,,,,,,1.5,0.12,0.17,,,,,,,,,,,,,5216,,224,,,,,,,,,,,,,76,7.7,25,0.22,,,,,,,,,,,,,0.09,2.71,5.6,,5.8,1.91,0.71,,,1.77,,0.7,,0.57,,,,,,,,,,,,,,0.02,,,,,,,,,,,,,,,,,,,,,,,,,,224979,
[8530],INTRAPLATE VOLCANICS,BERING SEA BASALT PROVINCE - CENOZOIC / RUSSIA / CHUKCHI PENINSULA / ENMELEN VOLCANIC FIELD,,65.02,65.02,175.9,175.9,SUBAERIAL,,,s 127MG [8530],"MEGACRYST, CLINOPYROXENE, XENOLITH [8530]",,,UPPER [8530],CENOZOIC [8530],,,,,MANTLE XENOLITH,,,,,WHOLE_ROCK [8530] ,241056.22950000002,6592.74,,38423.6226,136.84,,,51379.530000000006,117353.74,95099.408,1084.2412000000002,392.90000000000003,166.03,13724.3545,,,,,,,,,,,,,,,,,,,,,,,,,,,,,,,1.3,0.17,0.06,,,,,,,,,,,,,6564,,180,,,,,,,,,,,,,80,8.6,35,0.23,,,,,,,,,,,,,0.11,1.57,6.6,,6.8,2.36,0.67,,,2,,0.79,,0.6,,,,,,,,,,,,,,0.18,,,,,,,,,,,,,,,,,,,,,,,,,,224980,
[8530],INTRAPLATE VOLCANICS,BERING SEA BASALT PROVINCE - CENOZOIC / RUSSIA / CHUKCHI PENINSULA / ENMELEN VOLCANIC FIELD,,65.02,65.02,175.9,175.9,SUBAERIAL,,,s 127-3M [8530],"MEGACRYST, CLINOPYROXENE, XENOLITH [8530]",,,UPPER [8530],CENOZOIC [8530],,,,,MANTLE XENOLITH,,,,,WHOLE_ROCK [8530] ,243066.2,7731.486,,26568.4002,68.42,,,47026.65,145512.91999999998,91300.256,851.9038,235.73999999999998,1245.225,8753.9126,,,,,,,,,,,,,,,,,,,,,,,,,,,,,,,15.7,0.14,0.07,,,,,,,,,,,,,105330,,195,,,,,,,,,,,,,76,13.5,72.2,0.33,,,,,,,,,,,,,0.09,2.5,9.6,,11.8,3.91,1.29,,,3.18,,1.18,,0.92,,,,,,,,,,,,,,0.04,,,,,,,,,,,,,,,,,,,,,,,,,,224981,
[8530],INTRAPLATE VOLCANICS,BERING SEA BASALT PROVINCE - CENOZOIC / RUSSIA / CHUKCHI PENINSULA / ENMELEN VOLCANIC FIELD,,65.02,65.02,175.9,175.9,SUBAERIAL,,,s 127-3P [8530],"MEGACRYST, CLINOPYROXENE, XENOLITH [8530]",,,UPPER [8530],CENOZOIC [8530],,,,,MANTLE XENOLITH,,,,,WHOLE_ROCK [8530] ,239747.41150000002,8210.958,,40646.4768,68.42,,,56198.79,119140.49,84365.296,1239.1328,392.90000000000003,83.015,15504.811299999998,,,,,,,,,,,,,,,,,,,,,,,,,,,,,,,1.6,0.29,0.14,,,,,,,,,,,,,8336,,163,,,,,,,,,,,,,106,9.8,61.1,0.4,,,,,,,,,,,,,0.08,2.03,7.5,,8.5,2.73,1,,,2.11,,0.8,,0.7,,,,,,,,,,,,,,0.03,,,,,,,,,,,,,,,,,,,,,,,,,,224982,
[8530],INTRAPLATE VOLCANICS,BERING SEA BASALT PROVINCE - CENOZOIC / RUSSIA / CHUKCHI PENINSULA / ENMELEN VOLCANIC FIELD,,65.02,65.02,175.9,175.9,SUBAERIAL,,,s 135-1MG [8530],"MEGACRYST, CLINOPYROXENE, XENOLITH [8530]",,,UPPER [8530],CENOZOIC [8530],,,,,MANTLE XENOLITH,,,,,WHOLE_ROCK [8530] ,240915.999,7551.683999999999,,39111.6489,68.42,,,51612.719999999994,113565.83,91782.688,851.9038,392.90000000000003,166.03,14466.2115,,,,,,,,,,,,,,,,,,,,,,,,,,,,,,,1.6,0.23,0.11,,,,,,,,,,,,,7503,,290,,,,,,,,,,,,,92,8.3,41.7,0.33,,,,,,,,,,,,,0.07,1.8,6.4,,7.1,2.38,0.86,,,1.95,,0.72,,0.55,,,,,,,,,,,,,,0.03,,,,,,,,,,,,,,,,,,,,,,,,,,224983,
[8530],INTRAPLATE VOLCANICS,BERING SEA BASALT PROVINCE - CENOZOIC / RUSSIA / CHUKCHI PENINSULA / ENMELEN VOLCANIC FIELD,,65.02,65.02,175.9,175.9,SUBAERIAL,,,s EN13S [8530],"MEGACRYST, CLINOPYROXENE, XENOLITH [8530]",,,UPPER [8530],CENOZOIC [8530],,,,,MANTLE XENOLITH,,,,,WHOLE_ROCK [8530] ,237503.72350000002,7311.947999999999,,37735.5963,136.84,,,60784.86,113351.42,88285.056,1161.687,,83.015,16543.411099999998,,,,,,,,,,,,,,,,,,,,,,,,,,,,,,,1.2,0.31,0.09,,,,,,,,,,81,,,7698,336,126,,,,,,,,,,,,,80,9.8,55.7,0.41,,,,,,,,,,,,,0.13,1.63,6.4,,7.4,2.86,1,,,2.5,,0.94,,0.69,,2.3,,,,,,,,,,,,0.25,,,,,,,,,,,,,,,,,,,,,,,,,,224984,
[8530],INTRAPLATE VOLCANICS,BERING SEA BASALT PROVINCE - CENOZOIC / RUSSIA / CHUKCHI PENINSULA / ENMELEN VOLCANIC FIELD,,65.02,65.02,175.9,175.9,SUBAERIAL,,,s EN50 [8530],"MEGACRYST, CLINOPYROXENE, XENOLITH [8530]",,,UPPER [8530],CENOZOIC [8530],,,,,MANTLE XENOLITH,,,,,WHOLE_ROCK [8530] ,238719.05450000003,6353.004,,37894.371600000006,136.84,,,52778.67,116281.69,95400.928,1161.687,392.90000000000003,83.015,13724.3545,,,,,,,,,,,,,,,,,,,,,,,,,,,,,,,23.9,0.19,0.09,,,,,,,,,,91,,,6317,313,173,,,,,,,,,,,,,86,7.7,31.7,0.4,,,,,,,,,,,,,0.17,1.73,6.7,,7.3,2.78,0.75,,,1.87,,0.81,,0.55,,1.34,,,,,,,,,,,,0.02,,,,,,,,,,,,,,,,,,,,,,,,,,224985,
[8530],INTRAPLATE VOLCANICS,BERING SEA BASALT PROVINCE - CENOZOIC / RUSSIA / CHUKCHI PENINSULA / ENMELEN VOLCANIC FIELD,,65.02,65.02,175.9,175.9,SUBAERIAL,,,s ENM [8530],"MEGACRYST, CLINOPYROXENE, XENOLITH [8530]",,,UPPER [8530],CENOZOIC [8530],,,,,MANTLE XENOLITH,,,,,WHOLE_ROCK [8530] ,233296.8085,8510.627999999999,,39852.600300000006,0,,,64438.16999999999,123571.62999999999,75319.696,1084.2412000000002,,,18101.3108,,,,,,,,,,,,,,,,,,,,,,,,,,,,,,,41.1,0.33,,,,,,,,,,,,,,8858,392,22,,,,,,,,,,,,,103,6.4,62.2,0.46,,,,,,,,,,,,,0.06,1.89,8.9,,8.1,2.48,0.95,,,1.72,,0.47,,0.28,,2.75,,,,,,,,,,,,0.03,,,,,,,,,,,,,,,,,,,,,,,,,,224986,
[8530],INTRAPLATE VOLCANICS,BERING SEA BASALT PROVINCE - CENOZOIC / RUSSIA / CHUKCHI PENINSULA / ENMELEN VOLCANIC FIELD,,65.02,65.02,175.9,175.9,SUBAERIAL,,,s G4S-1 [8530],"MEGACRYST, CLINOPYROXENE, XENOLITH [8530]",,,UPPER [8530],CENOZOIC [8530],,,,,MANTLE XENOLITH,,,,,WHOLE_ROCK [8530] ,234886.08750000002,8151.024,,38899.9485,0,,,58608.42,118211.37999999999,84244.688,1006.7954,,83.015,16765.9682,,,,,,,,,,,,,,,,,,,,,,,,,,,,,,,1.8,0.33,0.13,,,,,,,,,,122,,,8397,343,125,,,,,,,,,,,,,102,10.4,60.9,0.44,,,,,,,,,,,,,0.24,2.09,8.4,,9.3,3.51,1.32,,,2.63,,0.96,,0.75,,2.73,,,,,,,,,,,,0.03,,,,,,,,,,,,,,,,,,,,,,,,,,224987,
[8530],INTRAPLATE VOLCANICS,BERING SEA BASALT PROVINCE - CENOZOIC / RUSSIA / CHUKCHI PENINSULA / ENMELEN VOLCANIC FIELD,,65.02,65.02,175.9,175.9,SUBAERIAL,,,s G4S-5 [8530],"MEGACRYST, CLINOPYROXENE, XENOLITH [8530]",,,UPPER [8530],CENOZOIC [8530],,,,,MANTLE XENOLITH,,,,,WHOLE_ROCK [8530] ,238438.59350000002,8810.297999999999,,40064.3007,68.42,,,60862.590000000004,120712.83,81410.4,1161.687,78.58,166.03,17730.3823,,,,,,,,,,,,,,,,,,,,,,,,,,,,,,,1.9,0.41,0.14,,,,,,,,,,96,,,9493,368,118,,,,,,,,,,,,,109,11.4,76.1,0.52,,,,,,,,,,,,,0.15,2.42,9,,10.3,3.94,1.4,,,2.92,,1.13,,0.72,,3.19,,,,,,,,,,,,0.04,,,,,,,,,,,,,,,,,,,,,,,,,,224988,
[8530],INTRAPLATE VOLCANICS,BERING SEA BASALT PROVINCE - CENOZOIC / RUSSIA / CHUKCHI PENINSULA / ENMELEN VOLCANIC FIELD,,65.02,65.02,175.9,175.9,SUBAERIAL,,,s GYT17S [8530],"MEGACRYST, CLINOPYROXENE, XENOLITH [8530]",,,UPPER [8530],CENOZOIC [8530],,,,,MANTLE XENOLITH,,,,,WHOLE_ROCK [8530] ,241149.71650000004,5453.994,,38794.098300000005,273.68,,,50058.12,112136.43,99803.12,1161.687,78.58,83.015,13056.6832,,,,,,,,,,,,,,,,,,,,,,,,,,,,,,,1.4,0.15,0.1,,,,,,,,,,131,,,5634,294,322,,,,,,,,,,,,,71,8.4,29,0.33,,,,,,,,,,,,,0.24,1.51,6.1,,6.7,2.28,0.69,,,2.12,,0.76,,0.65,,1.27,,,,,,,,,,,,0.02,,,,,,,,,,,,,,,,,,,,,,,,,,224989,
[8530],INTRAPLATE VOLCANICS,BERING SEA BASALT PROVINCE - CENOZOIC / RUSSIA / CHUKCHI PENINSULA / ENMELEN VOLCANIC FIELD,,65.02,65.02,175.9,175.9,SUBAERIAL,,,s M11 [8530],"MEGACRYST, CLINOPYROXENE, XENOLITH [8530]",,,UPPER [8530],CENOZOIC [8530],,,,,MANTLE XENOLITH,,,,,WHOLE_ROCK [8530] ,234652.37000000002,9589.44,,43239.8067,68.42,,,66847.8,120927.24,69530.51199999999,1006.7954,,83.015,21810.5958,,,,,,,,,,,,,,,,,,,,,,,,,,,,,,,2.1,0.55,0.12,,,,,,,,,,71,,,10166,361,96,,,,,,,,,,,,,126,10.3,117.5,0.94,,,,,,,,,,,,,0.14,2.53,10.5,,11.4,3.85,1.45,,,2.64,,1.01,,0.82,,4.54,,,,,,,,,,,,0.04,,,,,,,,,,,,,,,,,,,,,,,,,,224990,
[8530],INTRAPLATE VOLCANICS,BERING SEA BASALT PROVINCE - CENOZOIC / RUSSIA / CHUKCHI PENINSULA / ENMELEN VOLCANIC FIELD,,65.02,65.02,175.9,175.9,SUBAERIAL,,,s M12 [8530],"MEGACRYST, CLINOPYROXENE, XENOLITH [8530]",,,UPPER [8530],CENOZOIC [8530],,,,,MANTLE XENOLITH,,,,,WHOLE_ROCK [8530] ,233203.32150000002,9589.44,,43557.3573,0,,,67547.37,120641.35999999999,70857.2,1084.2412000000002,,,21810.5958,,,,,,,,,,,,,,,,,,,,,,,,,,,,,,,2.1,0.57,0.13,,,,,,,,,,68,,,9903,359,97,,,,,,,,,,,,,123,10.1,116.5,0.8,,,,,,,,,,,,,0.15,2.58,9.6,,11.1,3.86,1.19,,,2.72,,1.03,,0.8,,4.73,,,,,,,,,,,,0.05,,,,,,,,,,,,,,,,,,,,,,,,,,224991,
[8530],INTRAPLATE VOLCANICS,BERING SEA BASALT PROVINCE - CENOZOIC / RUSSIA / CHUKCHI PENINSULA / ENMELEN VOLCANIC FIELD,,65.02,65.02,175.9,175.9,SUBAERIAL,,,s M13 [8530],"MEGACRYST, CLINOPYROXENE, XENOLITH [8530]",,,UPPER [8530],CENOZOIC [8530],,,,,MANTLE XENOLITH,,,,,WHOLE_ROCK [8530] ,234558.88300000003,9469.572,,42922.2561,0,,,71356.14,120212.54000000001,65007.71199999999,1084.2412000000002,,83.015,24703.8381,,,,,,,,,,,,,,,,,,,,,,,,,,,,,,,2.4,0.73,0.15,,,,,,,,,,54,,,10026,341,86,,,,,,,,,,,,,135,10.5,157.6,1,,,,,,,,,,,,,0.12,2.63,10.9,,11.8,4.06,1.33,,,2.85,,1.03,,0.82,,6.16,,,,,,,,,,,,0.04,,,,,,,,,,,,,,,,,,,,,,,,,,224992,
[8530],INTRAPLATE VOLCANICS,BERING SEA BASALT PROVINCE - CENOZOIC / RUSSIA / CHUKCHI PENINSULA / ENMELEN VOLCANIC FIELD,,65.02,65.02,175.9,175.9,SUBAERIAL,,,s M4 [8530],"MEGACRYST, CLINOPYROXENE, XENOLITH [8530]",,,UPPER [8530],CENOZOIC [8530],,,,,MANTLE XENOLITH,,,,,WHOLE_ROCK [8530] ,238952.772,8870.232,,41228.6529,136.84,,,63971.79,122142.23,74957.87199999999,1084.2412000000002,,166.03,19807.581899999997,,,,,,,,,,,,,,,,,,,,,,,,,,,,,,,2.1,0.47,0.11,,,,,,,,,,66,,,9314,363,101,,,,,,,,,,,,,122,10.2,92.2,0.66,,,,,,,,,,,,,0.11,2.37,9.4,,10.5,3.54,0.98,,,2.72,,1.06,,0.77,,3.59,,,,,,,,,,,,0.05,,,,,,,,,,,,,,,,,,,,,,,,,,224993,
[5999],INTRAPLATE VOLCANICS,BERING SEA BASALT PROVINCE - CENOZOIC / RUSSIA / CHUKCHI PENINSULA,,65,65,176,176,SUBAERIAL,,,s 1-2 [5999],DUNITE [5999],,,,,,,,,PLUTONIC ROCK,,,,,WHOLE_ROCK [5999] ,160423.692,179.802,,10743.7953,1984.1799999999998,37697.659999999996,23474.46,,2715.86,252070.71999999997,1471.4702,,0.,0.,130.9263,,0,5000.,,9300.,,,,,,,,,,,117700.,,,,,,,,,,,,,,,,,,,,,,,,,,,,,,,,,,,,,,,,,,,,,,,,,,,,,,,,,,,,,,,,,,,,,,,,,,,,,,,,,,,,,,,,,,,,,,,,,,,,,,,,,,,,,,,,,248361,
[5999],INTRAPLATE VOLCANICS,BERING SEA BASALT PROVINCE - CENOZOIC / RUSSIA / CHUKCHI PENINSULA,,65,65,176,176,SUBAERIAL,,,s 1 [5999],"DUNITE, AMPHIBOLE-PYROXENE [5999]",,,,,,,,,PLUTONIC ROCK,,,,,WHOLE_ROCK [5999] ,182206.163,59.934,,9526.518,1163.14,20422.48,29848.32,,8361.99,258643.856,542.1206000000001,,830.1500000000001,0.,87.2842,,67600.,3200.,,5699.999999999999,,,,,,,,,,,73500.,,,,,,,,,,,,,,,,,,,,,,,,,,,,,,,,,,,,,,,,,,,,,,,,,,,,,,,,,,,,,,,,,,,,,,,,,,,,,,,,,,,,,,,,,,,,,,,,,,,,,,,,,,,,,,,,,248362,
[5999],INTRAPLATE VOLCANICS,BERING SEA BASALT PROVINCE - CENOZOIC / RUSSIA / CHUKCHI PENINSULA,,65,65,176,176,SUBAERIAL,,,s 13 [5999],HARZBURGITE [5999],,,,,,,,,PLUTONIC ROCK,,,,,WHOLE_ROCK [5999] ,189124.20100000003,179.802,,7832.9148000000005,1984.1799999999998,36788.439999999995,10649.01,,571.76,234823.77599999998,774.4580000000001,,0.,0.,87.2842,,0,3600.,,3400.0000000000005,,,,,,,,,,,120399.99999999999,,,,,,,,,,,,,,,,,,,,,,,,,,,,,,,,,,,,,,,,,,,,,,,,,,,,,,,,,,,,,,,,,,,,,,,,,,,,,,,,,,,,,,,,,,,,,,,,,,,,,,,,,,,,,,,,,248363,
[5999],INTRAPLATE VOLCANICS,BERING SEA BASALT PROVINCE - CENOZOIC / RUSSIA / CHUKCHI PENINSULA,,65,65,176,176,SUBAERIAL,,,s 12 [5999],HARZBURGITE [5999],,,,,,,,,PLUTONIC ROCK,,,,,WHOLE_ROCK [5999] ,191134.17150000003,119.868,,8732.6415,2189.44,36508.68,16478.760000000002,,0,231687.968,464.6748,,0.,0.,87.2842,,97500.,2300.,,6100.,,,,,,,,,,,109100.,,,,,,,,,,,,,,,,,,,,,,,,,,,,,,,,,,,,,,,,,,,,,,,,,,,,,,,,,,,,,,,,,,,,,,,,,,,,,,,,,,,,,,,,,,,,,,,,,,,,,,,,,,,,,,,,,248364,
[5999],INTRAPLATE VOLCANICS,BERING SEA BASALT PROVINCE - CENOZOIC / RUSSIA / CHUKCHI PENINSULA,,65,65,176,176,SUBAERIAL,,,s 7 [5999],HARZBURGITE [5999],,,,,,,,,PLUTONIC ROCK,,,,,WHOLE_ROCK [5999] ,187301.20450000002,179.802,,9156.042300000001,2599.96,42173.82,11737.23,,0,227466.68799999997,464.6748,,830.1500000000001,1483.714,87.2842,,115700.,4800.,,1800.,,,,,,,,,,,120100.,,,,,,,,,,,,,,,,,,,,,,,,,,,,,,,,,,,,,,,,,,,,,,,,,,,,,,,,,,,,,,,,,,,,,,,,,,,,,,,,,,,,,,,,,,,,,,,,,,,,,,,,,,,,,,,,,248365,
[5999],INTRAPLATE VOLCANICS,BERING SEA BASALT PROVINCE - CENOZOIC / RUSSIA / CHUKCHI PENINSULA,,65,65,176,176,SUBAERIAL,,,s 2-1 [5999],PYROXENITE [5999],,,,,,,,,PLUTONIC ROCK,,,,,WHOLE_ROCK [5999] ,252461.6435,179.802,,6880.263000000001,2599.96,13288.599999999999,39642.299999999996,,0,211425.824,619.5664,,0.,741.857,87.2842,,23200.,1200.,,600.,,,,,,,,,,,23200.,,,,,,,,,,,,,,,,,,,,,,,,,,,,,,,,,,,,,,,,,,,,,,,,,,,,,,,,,,,,,,,,,,,,,,,,,,,,,,,,,,,,,,,,,,,,,,,,,,,,,,,,,,,,,,,,,248366,
[5999],INTRAPLATE VOLCANICS,BERING SEA BASALT PROVINCE - CENOZOIC / RUSSIA / CHUKCHI PENINSULA,,65,65,176,176,SUBAERIAL,,,s 11-1 [5999],KOMATIITE [5999],,,,,,,,,VOLCANIC ROCK,,,,,WHOLE_ROCK [5999] ,170006.1095,119.868,,10849.645499999999,2736.8,45181.24,11193.119999999999,,1357.93,231687.968,542.1206000000001,,0.,0.,87.2842,,115200.,2800.0000000000005,,19700.,,,,,,,,,,,145000.,,,,,,,,,,,,,,,,,,,,,,,,,,,,,,,,,,,,,,,,,,,,,,,,,,,,,,,,,,,,,,,,,,,,,,,,,,,,,,,,,,,,,,,,,,,,,,,,,,,,,,,,,,,,,,,,,248367,
[5999],INTRAPLATE VOLCANICS,BERING SEA BASALT PROVINCE - CENOZOIC / RUSSIA / CHUKCHI PENINSULA,,65,65,176,176,SUBAERIAL,,,s 6-2 [5999],KOMATIITE [5999],,,,,,,,,VOLCANIC ROCK,,,,,WHOLE_ROCK [5999] ,179868.988,179.802,,6774.4128,1847.3400000000001,38047.36,13136.369999999999,,1072.05,235426.816,1703.8076,,0.,0.,87.2842,,0,3000.,,8000.,,,,,,,,,,,131000.,,,,,,,,,,,,,,,,,,,,,,,,,,,,,,,,,,,,,,,,,,,,,,,,,,,,,,,,,,,,,,,,,,,,,,,,,,,,,,,,,,,,,,,,,,,,,,,,,,,,,,,,,,,,,,,,,248368,
[5999],INTRAPLATE VOLCANICS,BERING SEA BASALT PROVINCE - CENOZOIC / RUSSIA / CHUKCHI PENINSULA,,65,65,176,176,SUBAERIAL,,,s 5-1 [5999],KOMATIITE [5999],,,,,,,,,VOLCANIC ROCK,,,,,WHOLE_ROCK [5999] ,183141.03300000002,119.868,,7144.888500000001,2531.54,43572.62,9172.14,,0,235909.24799999996,464.6748,,830.1500000000001,741.857,87.2842,,121400.,4700.,,5300.,,,,,,,,,,,129500.,,,,,,,,,,,,,,,,,,,,,,,,,,,,,,,,,,,,,,,,,,,,,,,,,,,,,,,,,,,,,,,,,,,,,,,,,,,,,,,,,,,,,,,,,,,,,,,,,,,,,,,,,,,,,,,,,248369,
[5999],INTRAPLATE VOLCANICS,BERING SEA BASALT PROVINCE - CENOZOIC / RUSSIA / CHUKCHI PENINSULA,,65,65,176,176,SUBAERIAL,,,s 5-2 [5999],KOMATIITE [5999],,,,,,,,,VOLCANIC ROCK,,,,,WHOLE_ROCK [5999] ,180336.423,179.802,,6562.7124,2189.44,44411.899999999994,10571.28,,0,229999.45599999998,464.6748,,830.1500000000001,741.857,87.2842,,120200.,3800.,,3300.,,,,,,,,,,,126500.,,,,,,,,,,,,,,,,,,,,,,,,,,,,,,,,,,,,,,,,,,,,,,,,,,,,,,,,,,,,,,,,,,,,,,,,,,,,,,,,,,,,,,,,,,,,,,,,,,,,,,,,,,,,,,,,,248370,
[5999],INTRAPLATE VOLCANICS,BERING SEA BASALT PROVINCE - CENOZOIC / RUSSIA / CHUKCHI PENINSULA,,65,65,176,176,SUBAERIAL,,,s 6-4 [5999],KOMATIITE [5999],,,,,,,,,VOLCANIC ROCK,,,,,WHOLE_ROCK [5999] ,173605.35900000003,179.802,,7409.514,2189.44,53993.68,10338.09,,0,229999.45599999998,464.6748,,0.,0.,87.2842,,116700.,3300.,,12800.,,,,,,,,,,,136500.,,,,,,,,,,,,,,,,,,,,,,,,,,,,,,,,,,,,,,,,,,,,,,,,,,,,,,,,,,,,,,,,,,,,,,,,,,,,,,,,,,,,,,,,,,,,,,,,,,,,,,,,,,,,,,,,,248371,
[5999],INTRAPLATE VOLCANICS,BERING SEA BASALT PROVINCE - CENOZOIC / RUSSIA / CHUKCHI PENINSULA,,65,65,176,176,SUBAERIAL,,,s 20-1 [5999],KOMATIITE [5999],,,,,,,,,VOLCANIC ROCK,,,,,WHOLE_ROCK [5999] ,201277.51100000003,119.868,,10055.769,2736.8,35879.22,11193.119999999999,,0,224933.91999999998,697.0122,,0.,0.,87.2842,,100300.,2700.,,1400.0000000000002,,,,,,,,,,,105100.,,,,,,,,,,,,,,,,,,,,,,,,,,,,,,,,,,,,,,,,,,,,,,,,,,,,,,,,,,,,,,,,,,,,,,,,,,,,,,,,,,,,,,,,,,,,,,,,,,,,,,,,,,,,,,,,,248372,
[5999],INTRAPLATE VOLCANICS,BERING SEA BASALT PROVINCE - CENOZOIC / RUSSIA / CHUKCHI PENINSULA,,65,65,176,176,SUBAERIAL,,,s 6-1 [5999],KOMATIITE [5999],,,,,,,,,VOLCANIC ROCK,,,,,WHOLE_ROCK [5999] ,185852.15600000002,299.67,,12066.9228,1915.7600000000002,35389.64,26505.93,,15437.52,220230.208,1471.4702,,0.,0.,218.21050000000002,,0,3800.,,3300.,,,,,,,,,,,90600.,,,,,,,,,,,,,,,,,,,,,,,,,,,,,,,,,,,,,,,,,,,,,,,,,,,,,,,,,,,,,,,,,,,,,,,,,,,,,,,,,,,,,,,,,,,,,,,,,,,,,,,,,,,,,,,,,248373,
[5999],INTRAPLATE VOLCANICS,BERING SEA BASALT PROVINCE - CENOZOIC / RUSSIA / CHUKCHI PENINSULA,,65,65,176,176,SUBAERIAL,,,s 1-1 [5999],KOMATIITE [5999],,,,,,,,,VOLCANIC ROCK,,,,,WHOLE_ROCK [5999] ,193144.14200000002,119.868,,5292.51,68.42,20982,22852.62,,29159.760000000002,228310.944,697.0122,,0.,0.,87.2842,,70400.,4400.,,18500.,,,,,,,,,,,89100.,,,,,,,,,,,,,,,,,,,,,,,,,,,,,,,,,,,,,,,,,,,,,,,,,,,,,,,,,,,,,,,,,,,,,,,,,,,,,,,,,,,,,,,,,,,,,,,,,,,,,,,,,,,,,,,,,248374,
[5999],INTRAPLATE VOLCANICS,BERING SEA BASALT PROVINCE - CENOZOIC / RUSSIA / CHUKCHI PENINSULA,,65,65,176,176,SUBAERIAL,,,s 21 [5999],"KOMATIITE, PYROXENE [5999]",,,,,,,,,VOLCANIC ROCK,,,,,WHOLE_ROCK [5999] ,213430.821,119.868,,7938.765,2463.12,30913.48,21220.29,,0,224089.66399999996,464.6748,,0.,0.,87.2842,,86100.,2700.,,800.,,,,,,,,,,,83600.,,,,,,,,,,,,,,,,,,,,,,,,,,,,,,,,,,,,,,,,,,,,,,,,,,,,,,,,,,,,,,,,,,,,,,,,,,,,,,,,,,,,,,,,,,,,,,,,,,,,,,,,,,,,,,,,,248375,
[5999],INTRAPLATE VOLCANICS,BERING SEA BASALT PROVINCE - CENOZOIC / RUSSIA / CHUKCHI PENINSULA,,65,65,176,176,SUBAERIAL,,,s 6-5 [5999],"KOMATIITE, PYROXENE [5999]",,,,,,,,,VOLCANIC ROCK,,,,,WHOLE_ROCK [5999] ,240261.59000000003,239.736,,9261.8925,1984.1799999999998,13638.3,30703.350000000002,,571.76,214863.152,1006.7954,,0.,0.,174.5684,,0,1500.,,1000.,,,,,,,,,,,43400.,,,,,,,,,,,,,,,,,,,,,,,,,,,,,,,,,,,,,,,,,,,,,,,,,,,,,,,,,,,,,,,,,,,,,,,,,,,,,,,,,,,,,,,,,,,,,,,,,,,,,,,,,,,,,,,,,248376,
[5999],INTRAPLATE VOLCANICS,BERING SEA BASALT PROVINCE - CENOZOIC / RUSSIA / CHUKCHI PENINSULA,,65,65,176,176,SUBAERIAL,,,s 14 [5999],"KOMATIITE, TREMOLITE-PYROXENE [5999]",,,,,,,,,VOLCANIC ROCK,,,,,WHOLE_ROCK [5999] ,224742.74800000002,119.868,,5610.060600000001,2189.44,29374.800000000003,21220.29,,2215.57,219868.384,542.1206000000001,,0.,741.857,87.2842,,65400.,2100.,,2100.,,,,,,,,,,,69200.,,,,,,,,,,,,,,,,,,,,,,,,,,,,,,,,,,,,,,,,,,,,,,,,,,,,,,,,,,,,,,,,,,,,,,,,,,,,,,,,,,,,,,,,,,,,,,,,,,,,,,,,,,,,,,,,,248377,
[5999],INTRAPLATE VOLCANICS,BERING SEA BASALT PROVINCE - CENOZOIC / RUSSIA / CHUKCHI PENINSULA,,65,65,176,176,SUBAERIAL,,,s 20 [5999],"KOMATIITE, TREMOLITE-PYROXENE [5999]",,,,,,,,,VOLCANIC ROCK,,,,,WHOLE_ROCK [5999] ,251573.51700000002,119.868,,3810.6072,1984.1799999999998,15246.920000000002,32102.489999999998,,7790.2300000000005,203043.568,697.0122,,0.,741.857,87.2842,,36400.,1100.,,900.,,,,,,,,,,,39200.,,,,,,,,,,,,,,,,,,,,,,,,,,,,,,,,,,,,,,,,,,,,,,,,,,,,,,,,,,,,,,,,,,,,,,,,,,,,,,,,,,,,,,,,,,,,,,,,,,,,,,,,,,,,,,,,,248378,
[5999],INTRAPLATE VOLCANICS,BERING SEA BASALT PROVINCE - CENOZOIC / RUSSIA / CHUKCHI PENINSULA,,65,65,176,176,SUBAERIAL,,,s 5 [5999],"KOMATIITE, TREMOLITE-PYROXENE [5999]",,,,,,,,,VOLCANIC ROCK,,,,,WHOLE_ROCK [5999] ,217777.96650000004,239.736,,8573.8662,2463.12,26577.199999999997,27905.07,,13865.18,206420.59199999998,697.0122,,0.,741.857,87.2842,,64700.,3100.,,2600.,,,,,,,,,,,78300.,,,,,,,,,,,,,,,,,,,,,,,,,,,,,,,,,,,,,,,,,,,,,,,,,,,,,,,,,,,,,,,,,,,,,,,,,,,,,,,,,,,,,,,,,,,,,,,,,,,,,,,,,,,,,,,,,248379,
[5999],INTRAPLATE VOLCANICS,BERING SEA BASALT PROVINCE - CENOZOIC / RUSSIA / CHUKCHI PENINSULA,,65,65,176,176,SUBAERIAL,,,s 6-6 [5999],"KOMATIITE, TREMOLITE [5999]",,,,,,,,,VOLCANIC ROCK,,,,,WHOLE_ROCK [5999] ,200997.05000000002,419.538,,16300.930800000002,2736.8,34760.18,26816.850000000002,,33305.020000000004,191223.984,929.3496,,830.1500000000001,1112.7855,87.2842,,73100.,4100.,,1500.,,,,,,,,,,,80000,,,,,,,,,,,,,,,,,,,,,,,,,,,,,,,,,,,,,,,,,,,,,,,,,,,,,,,,,,,,,,,,,,,,,,,,,,,,,,,,,,,,,,,,,,,,,,,,,,,,,,,,,,,,,,,,,248380,
[5999],INTRAPLATE VOLCANICS,BERING SEA BASALT PROVINCE - CENOZOIC / RUSSIA / CHUKCHI PENINSULA,,65,65,176,176,SUBAERIAL,,,s 8-1 [5999],"KOMATIITE, TREMOLITE [5999]",,,,,,,,,VOLCANIC ROCK,,,,,WHOLE_ROCK [5999] ,242084.5865,59.934,,4869.109200000001,0,14687.400000000001,20676.18,,47241.670000000006,187846.96,929.3496,,0.,741.857,87.2842,,40700.,1500.,,2000.,,,,,,,,,,,49700.,,,,,,,,,,,,,,,,,,,,,,,,,,,,,,,,,,,,,,,,,,,,,,,,,,,,,,,,,,,,,,,,,,,,,,,,,,,,,,,,,,,,,,,,,,,,,,,,,,,,,,,,,,,,,,,,,248381,
[5999],INTRAPLATE VOLCANICS,BERING SEA BASALT PROVINCE - CENOZOIC / RUSSIA / CHUKCHI PENINSULA,,65,65,176,176,SUBAERIAL,,,s 8-1 [5999],NOT GIVEN [5999],,,,,,,,,VOLCANIC ROCK,,,,,WHOLE_ROCK [5999] ,121579.84350000002,179.802,,2540.4048,0,10071.359999999999,15390.539999999999,,186179.35,117110.368,1161.687,,0.,1261.1569,87.2842,,33400.,1800.,,211800.,,,,,,,,,,,245300.,,,,,,,,,,,,,,,,,,,,,,,,,,,,,,,,,,,,,,,,,,,,,,,,,,,,,,,,,,,,,,,,,,,,,,,,,,,,,,,,,,,,,,,,,,,,,,,,,,,,,,,,,,,,,,,,,248382,
[3041],INTRAPLATE VOLCANICS,BERING SEA BASALT PROVINCE - CENOZOIC / ALASKA / SEWARD PENINSULA,VIRGINIA BUTTE,65.36,65.36,-163.2,-163.2,SUBAERIAL,,,s 1 [3041],"LHERZOLITE, SPINEL, XENOLITH [3041]",,,,,,,,,MANTLE XENOLITH,,,,,WHOLE_ROCK [3041] ,202446.09850000002,19059.012,,74994.8667,,28955.159999999996,61328.969999999994,,65395.05,60002.47999999999,1316.5786,,11871.144999999999,26335.923499999997,,,,,,,,,,,,,,,,,,,,,,,,,,,,,,,,,,,,,,,,,,,,,,,,,,,,,,,,,,,,,,,,,,,,,,,,,,,,,,,,,,,,,,,,,,,,,,,,,,,,,,,,,,,,,,,,,,,,,,,,,,,,,,,,,,257849,
[9294],INTRAPLATE VOLCANICS,BERING SEA BASALT PROVINCE - CENOZOIC / RUSSIA / CHUKCHI PENINSULA / ENMELEN VOLCANIC FIELD,,65.02,65.02,175.9,175.9,SUBAERIAL,,,s 130-10L [9294],"LHERZOLITE, SPINEL, XENOLITH [9294]",,,,,,,,PROTOGRANULAR [9294] ,MANTLE XENOLITH,,,,,WHOLE_ROCK [9294] ,202726.5595,599.34,,16406.781000000003,2326.28,8043.099999999999,59774.37,,22655.989999999998,243025.11999999997,1471.4702,2200.2400000000002,1245.225,1854.6425,,,3500.,300.,,,,,,,,,,,,,,,,,,,,,,,,,,,,,,,,,,,,,,,,,12,,,,,,114,,,,,,,,,,,,,,,,,,,,,,,,,,,0.62,1,,0.9,0.29,0.11,,0.06,,,,,0.29,0.05,0.15,,,,,,,,,,,,,,,,,,,,,,,,,,,,,,,,,,,,,,288160,
[9294],INTRAPLATE VOLCANICS,BERING SEA BASALT PROVINCE - CENOZOIC / RUSSIA / CHUKCHI PENINSULA / ENMELEN VOLCANIC FIELD,,65.02,65.02,175.9,175.9,SUBAERIAL,,,s 131-3 [9294],"LHERZOLITE, SPINEL, XENOLITH [9294]",,,,,,,,PROTOGRANULAR [9294] ,MANTLE XENOLITH,,,,,WHOLE_ROCK [9294] ,207821.60100000002,659.274,,21170.04,2257.86,7273.76,55576.950000000004,,20011.6,235426.816,1394.0244,1964.5,1660.3000000000002,2225.571,,,6000.,500.,,,,,,,,,,,,,,,,,,,,,,,,,,,,,,,,,,,,,,,,,13.3,,,,,,105,,,,,,,,,,,,,,,,,,,,,,,,,,,0.53,,,,0.36,0.11,,0.08,,,,,0.45,0.07,0.23,,,,,,,,,,,,,,,,,,,,,,,,,,,,,,,,,,,,,,288161,
[9294],INTRAPLATE VOLCANICS,BERING SEA BASALT PROVINCE - CENOZOIC / RUSSIA / CHUKCHI PENINSULA / ENMELEN VOLCANIC FIELD,,65.02,65.02,175.9,175.9,SUBAERIAL,,,s 131 [9294],"LHERZOLITE, SPINEL, XENOLITH [9294]",,,,,,,,PROTOGRANULAR [9294] ,MANTLE XENOLITH,,,,,WHOLE_ROCK [9294] ,207167.192,479.472,,11643.522,2873.64,12659.140000000001,54721.92,,10005.8,247608.224,1703.8076,1885.9199999999998,830.1500000000001,741.857,,,2800.0000000000005,100.,,,,,,,,,,,,,,,,,,,,,,,,,,,,,,,,,,,,,,,,,10.4,,,,,,111,,,,,,,,,,,,,,,,,,,,,,,,,,,0.73,1.6,,,0.13,0.04,,,,,,,0.25,0.03,0.13,,,,,,,,,,,,,,,,,,,,,,,,,,,,,,,,,,,,,,288162,
[9294],INTRAPLATE VOLCANICS,BERING SEA BASALT PROVINCE - CENOZOIC / RUSSIA / CHUKCHI PENINSULA / ENMELEN VOLCANIC FIELD,,65.02,65.02,175.9,175.9,SUBAERIAL,,,s 131-D [9294],"LHERZOLITE, SPINEL, XENOLITH [9294]",,,,,,,,PROTOGRANULAR [9294] ,MANTLE XENOLITH,,,,,WHOLE_ROCK [9294] ,196135.72600000002,1018.878,,22228.542,1984.1799999999998,14127.880000000001,55887.87,,23799.510000000002,223305.712,929.3496,942.9599999999999,913.165,3041.6137,,,4000.,0,,,,,,,,,,,,,,,,,,,,,,,,,,,,,,,,,,,,,,,,,16.2,,,,,,101,,,,,,,,,,,,,,,,,,,,,,,,,,,0.54,1.8,,,0.36,0.11,,0.08,,,,,0.45,0.07,0.26,,,,,,,,,,,,,,,,,,,,,,,,,,,,,,,,,,,,,,288163,
[9294],INTRAPLATE VOLCANICS,BERING SEA BASALT PROVINCE - CENOZOIC / RUSSIA / CHUKCHI PENINSULA / ENMELEN VOLCANIC FIELD,,65.02,65.02,175.9,175.9,SUBAERIAL,,,s 126-2 [9294],"LHERZOLITE, SPINEL, XENOLITH [9294]",,,,,,,,PROTOGRANULAR [9294] ,MANTLE XENOLITH,,,,,WHOLE_ROCK [9294] ,222966.49500000002,2936.7659999999996,,26409.624900000003,,,71977.98,,28873.88,195384.96,1161.687,,2739.4950000000003,4747.8848,,,,,,,,,,,,,,,,,,,,,,,,,,,,,,,,,,,,,,,,,,,,,16.4,,,,,,88.8,,,,,,,,,,,,,,,,,,,,,,,,,,,3.53,7.6,,3.9,1.05,0.33,,0.17,,,,,0.54,0.08,0.65,,,,,,,,,,,,,,,,,,,,,,,,,,,,,,,,,,,,,,288164,
[9294],INTRAPLATE VOLCANICS,BERING SEA BASALT PROVINCE - CENOZOIC / RUSSIA / CHUKCHI PENINSULA / ENMELEN VOLCANIC FIELD,,65.02,65.02,175.9,175.9,SUBAERIAL,,,s 125-4 [9294],"WEBSTERITE, XENOLITH [9294]",,,,,,,,,MANTLE XENOLITH,,,,,WHOLE_ROCK [9294] ,215113.58700000003,2637.096,,59276.112,821.04,12449.32,69257.43000000001,,47098.729999999996,126095.66399999999,1548.9160000000002,471.47999999999996,2075.375,2967.428,,,3500.,500.,,,,,,,,,,,,,,,,,,,,,,,,,,,,,,,,,,,,,,,,,23.8,,,,,,84.6,,,,,,,,,,,,,,,,,,,,,,,,,,,1.46,3.6,,,0.82,0.41,,0.14,,,,,0.48,0.08,0.4,,,,,,,,,,,,,,,,,,,,,,,,,,,,,,,,,,,,,,288165,
[9294][8530],INTRAPLATE VOLCANICS,BERING SEA BASALT PROVINCE - CENOZOIC / RUSSIA / CHUKCHI PENINSULA / ENMELEN VOLCANIC FIELD,,65.02,65.02,175.9,175.9,SUBAERIAL,,,s 121-P [9294],"MEGACRYST, CLINOPYROXENE, XENOLITH [9294]",,,UPPER [8530],CENOZOIC [8530],,,,,MANTLE XENOLITH,,,,,WHOLE_ROCK [9294] ,238859.28500000003,5513.928,,48691.092,342.1,17345.12,41585.549999999996,58919.340000000004,97699.49,95400.928,1161.687,628.64,1660.3000000000002,13353.426,,,1600.,400.,,,,,,,,,,,,,,,,,,,,,,,,,,,16.4,0.14,0.13,,,,,,,,,,,,19.8,5583,,216,,,49.4,,,,,,,,,0,93.9,8.7,26.1,0.17,,,,,,,,,,,,,0.06,1.69,5.2,,5.2,2.07,0.72,,0.37,1.94,,0.74,,0.57,0.06,1.3,,,,,,,,,,,,0.02,,0.512949,,,0.703853,,38.205,,15.517,,18.346,,,,,,,,,,,,,,,39212-121-P,
[16936],INTRAPLATE VOLCANICS,BERING SEA BASALT PROVINCE - CENOZOIC / RUSSIA / CHUKCHI PENINSULA / ENMELEN VOLCANIC FIELD,,65.06,65.06,-175.34,-175.34,SUBAERIAL,,,s GYT28S [16936],"GRANULITE, CLINOPYROXENE [16936]",,,LOWER [16936],CRETACEOUS [16936],,,,EQUIGRANULAR [16936] ,METAMORPHIC ROCK,,,,,WHOLE_ROCK [16936] ,230585.68550000002,5573.862,,102092.5179,,,,62106.270000000004,50815.170000000006,18875.152,774.4580000000001,,21002.795,33902.8649,1527.4734999999998,,,,,,,,,,,,,,,,37700.,,,,,,,,,,,,,,,,,,,,,,,,,,,,16.2,,,45,,,,160,,,,,,,,75,559,15.4,109,5.9,,,,,,,,,,,,,710,17.5,35.7,4.6,19.3,4.3,1.5,3.3,0.5,2.6,0.5,1.4,0.2,1.2,0.2,1.5,0.4,,,,,,,,,4.7,,0.3,1.2,0.512519,,,0.705473,,18.61,,15.56,,38.38,,,,,,,,,,,,,,,650778,
[16936],INTRAPLATE VOLCANICS,BERING SEA BASALT PROVINCE - CENOZOIC / RUSSIA / CHUKCHI PENINSULA / ENMELEN VOLCANIC FIELD,,65.04,65.04,-175.19,-175.19,SUBAERIAL,,,s EN131-5 [16936],"GRANULITE, CLINOPYROXENE [16936]",,,LOWER [16936],CRETACEOUS [16936],,,,EQUIGRANULAR [16936] ,METAMORPHIC ROCK,,,,,WHOLE_ROCK [16936] ,240822.51200000005,4854.654,,104897.5482,,,,61018.049999999996,63465.36000000001,27076.496,851.9038,,9380.695,32048.222400000002,785.5577999999999,,,,,,,,,,,,,,,,,,,,,,,,,,,,,,,,,,,,,,,,,,,,26.6,,,73,,,,55,,,,,,,,4.365,674.59,16.7,87,7.2,,,,,,,,,,,,,288,12.6,28,3.8,16.78,3.7,1.2,3.2,0.5,2.9,0.6,1.7,0.3,1.5,0.2,1.9,0.4,,,,,,,,,4.54,,0.4,0.2,0.512573,,,0.705079,,18.45,,15.52,,38.24,,,,,,,,,,,,,,,650779,
[16936],INTRAPLATE VOLCANICS,BERING SEA BASALT PROVINCE - CENOZOIC / RUSSIA / CHUKCHI PENINSULA / ENMELEN VOLCANIC FIELD,,65.11,65.11,-175.36,-175.36,SUBAERIAL,,,s G3S [16936],"GRANULITE, CLINOPYROXENE [16936]",,,LOWER [16936],CRETACEOUS [16936],,,,EQUIGRANULAR [16936] ,METAMORPHIC ROCK,,,,,WHOLE_ROCK [16936] ,248067.7545,7431.816,,88384.917,,,,87834.90000000001,44454.34,33348.112,1703.8076,,5229.945,25594.0665,1352.9051,,,,,,,,,,,,,,,,700.0000000000001,,,,,,,,,,,,,,,,,,,,,,,,,,,,20.4,,,90,,,,43,,,,,,,,2.9,424,13.5,52,6.6,,,,,,,,,,,,,530,11.8,24.6,3.2,13.2,2.8,1.1,2.5,0.3,2.2,0.4,1.4,0.2,1.3,0.2,0.4,0.6,,,,,,,,,6.5,,0.1,0.2,0.512589,,,0.705143,,18.4,,15.49,,38.13,,,,,,,,,,,,,,,650780,
[16936],INTRAPLATE VOLCANICS,BERING SEA BASALT PROVINCE - CENOZOIC / RUSSIA / CHUKCHI PENINSULA / ENMELEN VOLCANIC FIELD,,65.04,65.04,-175.19,-175.19,SUBAERIAL,,,s EN131-2 [16936],"GRANULITE, GARNET [16936]",,,LOWER [16936],CRETACEOUS [16936],,,,EQUIGRANULAR [16936] ,METAMORPHIC ROCK,,,,,WHOLE_ROCK [16936] ,209971.80200000003,2876.832,,122521.6065,,,,52778.67,103131.20999999999,43780.704,697.0122,,2739.4950000000003,12834.1261,305.4947,,,,,,,,,,,,,,,,,,,,,,,,,,,,,,,,,,,,,,,,,,,,22.2,,,108,,,,92,,,,,,,,3.3,610,4.8,44,11,,,,,,,,,,,,,107,4.4,8.6,1.1,4.7,1.2,0.6,1.1,0.2,1,0.2,0.5,0.1,0.5,0.1,1.6,1.5,,,,,,,,,1.8,,1.3,0.6,0.512952,,,0.703839,,18.18,,15.47,,37.87,,,,,,,,,,,,,,,650781,
[16936],INTRAPLATE VOLCANICS,BERING SEA BASALT PROVINCE - CENOZOIC / RUSSIA / CHUKCHI PENINSULA / ENMELEN VOLCANIC FIELD,,65.06,65.06,-175.28,-175.28,SUBAERIAL,,,s EN132 [16936],"GRANULITE, CLINOPYROXENE [16936]",,,LOWER [16936],CRETACEOUS [16936],,,,EQUIGRANULAR [16936] ,METAMORPHIC ROCK,,,,,WHOLE_ROCK [16936] ,244889.19650000002,1138.7459999999999,,117917.12280000001,,,,39331.38,69397.37000000001,34071.76,697.0122,,4980.9,25297.3237,87.2842,,,,,,,,,,,,,,,,500.,,,,,,,,,,,,,,,,,,,,,,,,,,,,18.9,,,194,,,,126,,,,,,,,3.2,725,2.4,23,0.5,,,,,,,,,,,,,178,1.8,3.5,0.4,1.9,0.4,0.9,0.5,0.1,0.4,0.1,0.3,0.1,0.4,0.1,0.2,0,,,,,,,,,1.5,,0.1,0,0.5127,,,0.704501,,18.36,,15.57,,38.29,,,,,,,,,,,,,,,650782,
[16936],INTRAPLATE VOLCANICS,BERING SEA BASALT PROVINCE - CENOZOIC / RUSSIA / CHUKCHI PENINSULA / ENMELEN VOLCANIC FIELD,,65.04,65.04,-175.19,-175.19,SUBAERIAL,,,s EN131-24 [16936],NOT GIVEN [16936],,,LOWER [16936],CRETACEOUS [16936],,,,,METAMORPHIC ROCK,,,,,WHOLE_ROCK [16936] ,212028.516,2697.0299999999997,,108602.3052,,,,68480.13,75686.73,62897.07199999999,774.4580000000001,,3735.675,16765.9682,130.9263,,,,,,,,,,,,,,,,,,,,,,,,,,,,,,,,,,,,,,,,,,,,10.6,,,258,,,,69,,,,,,,,3.3,886,3.7,45,1.9,,,,,,,,,,,,,192,5.4,10.1,1.1,4.6,1,0.5,0.8,0.1,0.8,0.2,0.4,0.1,0.4,0.1,0.6,0.1,,,,,,,,,6.01,,0.5,0.1,,,,,,,,,,,,,,,,,,,,,,,,,650783,
[16936],INTRAPLATE VOLCANICS,BERING SEA BASALT PROVINCE - CENOZOIC / RUSSIA / CHUKCHI PENINSULA / ENMELEN VOLCANIC FIELD,,65.04,65.04,-175.19,-175.19,SUBAERIAL,,,s EN131-16 [16936],"GRANULITE, CLINOPYROXENE [16936]",,,LOWER [16936],CRETACEOUS [16936],,,,EQUIGRANULAR [16936] ,METAMORPHIC ROCK,,,,,WHOLE_ROCK [16936] ,223574.1605,7192.079999999999,,92142.5991,,,,79284.59999999999,76472.9,40463.984,1316.5786,,7139.29,25668.2522,1483.8314,,,,,,,,,,,,,,,,,,,,,,,,,,,,,,,,,,,,,,,,,,,,38.7,,,54,,,,28,,,,,,,,1.303,615.12,14.2,32,0.9,,,,,,,,,,,,,53,1.2,3.3,0.7,4.35,1.63,0.8,2,0.4,2.2,0.5,1.4,0.2,1.2,0.2,0.4,0.1,,,,,,,,,0.51,,0.1,0.069,0.512846,,,0.703907,,18.43,,15.56,,38.31,,,,,,,,,,,,,,,650784,
[16936],INTRAPLATE VOLCANICS,BERING SEA BASALT PROVINCE - CENOZOIC / RUSSIA / CHUKCHI PENINSULA / ENMELEN VOLCANIC FIELD,,65.04,65.04,-175.19,-175.19,SUBAERIAL,,,s EN131-15 [16936],"GRANULITE, GARNET [16936]",,,LOWER [16936],CRETACEOUS [16936],,,,EQUIGRANULAR [16936] ,METAMORPHIC ROCK,,,,,WHOLE_ROCK [16936] ,223714.391,7072.2119999999995,,93306.9513,,,,78973.68000000001,76329.95999999999,41247.935999999994,1239.1328,,6641.200000000001,23665.238299999997,1527.4734999999998,,,,,,,,,,,,,,,,,,,,,,,,,,,,,,,,,,,,,,,,,,,,31.7,,,203,,,,65,,,,,,,,4.3,934,17.5,51,4.4,,,,,,,,,,,,,321,7.9,19.5,2.9,14.3,3.6,1.4,3.8,0.5,3.1,0.6,1.7,0.2,1.5,0.2,0.8,0.3,,,,,,,,,5.9,,0.3,0.2,0.512793,,,0.703665,,18.45,,15.54,,38.21,,,,,,,,,,,,,,,650785,
[16936],INTRAPLATE VOLCANICS,BERING SEA BASALT PROVINCE - CENOZOIC / RUSSIA / CHUKCHI PENINSULA / ENMELEN VOLCANIC FIELD,,65.12,65.12,-175.48,-175.48,SUBAERIAL,,,s 131-5G [16936],NOT GIVEN [16936],,,LOWER [16936],CRETACEOUS [16936],,,,,METAMORPHIC ROCK,,,,,WHOLE_ROCK [16936] ,243767.3525,5753.664,,91031.172,,,,66459.15000000001,56103.95,42815.84,1006.7954,,10791.95,25223.138,1091.0525,,,,,,,,,,,,,,,,7900.,,,,,,,,,,,,,,,,,,,,,,,,,,,,27,,,354,,,,71,,,,,,,,11.5,613,14.6,34,3.7,,,,,,,,,,,,,452,6.1,15.2,2.3,12.2,3.3,1.3,3.9,0.6,3.3,0.63,1.78,0.23,1.62,0.23,1.2,0.3,,,,,,,,,2.1,,0.15,0.15,,,,,,,,,,,,,,,,,,,,,,,,,650786,
[16936],INTRAPLATE VOLCANICS,BERING SEA BASALT PROVINCE - CENOZOIC / ALASKA / SEWARD PENINSULA / LAKE IMURUK,,65.45,65.45,-163.2,-163.2,SUBAERIAL,,,s 16-11K [16936],"GRANULITE, CLINOPYROXENE [16936]",,,LOWER [16936],CRETACEOUS [16936],,,,GRANOBLASTIC [16936] ,METAMORPHIC ROCK,,,,,WHOLE_ROCK [16936] ,272187.4005,2936.7659999999996,,71025.4842,,,,60551.67,41738.479999999996,36182.399999999994,1858.6992,,24987.515,29303.3515,305.4947,,,,,,,,,,,,,,,,800.,,,,,,,,,,,,,,,,,,,,,,,,,,,,24.7,,,230.2,,,,83.6,,,,,,,,21,346,30.3,78,12.4,,,,,,,,,,,,,229,6.1,13.9,1.8,7.8,2.2,1.4,3.4,0.7,5,1.2,3.6,0.6,3.6,0.6,1.4,0.8,,,,,,,,,2.62,,0.7,0.3,0.512981,,,0.706164,,18.57,,15.44,,38.04,,,,,,,,,,,,,,,650787,
[16936],INTRAPLATE VOLCANICS,BERING SEA BASALT PROVINCE - CENOZOIC / ALASKA / SEWARD PENINSULA / LAKE IMURUK,,65.45,65.45,-163.2,-163.2,SUBAERIAL,,,s 16-12K [16936],GRANULITE [16936],,,LOWER [16936],CRETACEOUS [16936],,,,GRANOBLASTIC [16936] ,METAMORPHIC ROCK,,,,,WHOLE_ROCK [16936] ,301168.3705000001,1378.482,,78011.5974,,,,46560.270000000004,27301.539999999997,23759.775999999998,929.3496,,15689.835,30490.3227,43.6421,,,,,,,,,,,,,,,,500.,,,,,,,,,,,,,,,,,,,,,,,,,,,,18.2,,,128.3,,,,32.2,,,,,,,,17.9,318.48,18.9,35,2.9,,,,,,,,,,,,,458,5.4,9.1,1,4.11,0.79,1.3,1.4,0.3,2.3,0.6,2.1,0.4,2.4,0.4,0.6,0.2,,,,,,,,,6.58,,0.2,0.317,0.512619,,,0.713311,,18.81,,15.59,,38.6,,,,,,,,,,,,,,,650788,
[16936],INTRAPLATE VOLCANICS,BERING SEA BASALT PROVINCE - CENOZOIC / ALASKA / SEWARD PENINSULA / LAKE IMURUK,,65.45,65.45,-163.2,-163.2,SUBAERIAL,,,s 16-9K [16936],"GRANULITE, TWO-PYROXENE [16936]",,,LOWER [16936],CRETACEOUS [16936],,,,GABBROIC [16936] ,METAMORPHIC ROCK,,,,,WHOLE_ROCK [16936] ,238345.10650000002,2996.7,,46097.76210000001,,,,96307.47,82976.67,69590.81599999999,2091.0366,,5562.005,14169.4687,130.9263,,,,,,,,,,,,,,,,,,,,,,,,,,,,,,,,,,,,,,,,,,,,61.7,,,351.9,,,,78.8,,,,,,,,4.9,210,34.2,61,3,,,,,,,,,,,,,96,7.4,22.5,3.8,20.5,6.3,1.5,6.7,1.2,7.1,1.4,3.5,0.5,3,0.5,2.1,0.2,,,,,,,,,2.2,,0.6,0.2,0.512545,,,0.714172,,18.86,,15.54,,38.51,,,,,,,,,,,,,,,650789,
[16936],INTRAPLATE VOLCANICS,BERING SEA BASALT PROVINCE - CENOZOIC / ALASKA / SEWARD PENINSULA / LAKE IMURUK,,65.33,65.33,-162.57,-162.57,SUBAERIAL,,,s 8-1K [16936],GABBRO [16936],,,LOWER [16936],CRETACEOUS [16936],,,,GABBROIC [16936] ,PLUTONIC ROCK,,,,,WHOLE_ROCK [16936] ,217263.788,10728.186,,91084.09710000001,,,,77574.54000000001,72041.76,37750.304,1006.7954,,3071.555,21068.7388,349.1368,,,,,,,,,,,,,,,,36500.,,,,,,,,,,,,,,,,,,,,,,,,,,,,21.2,,,108.5,,,,81.2,,,,,,,,1.6,767,16.9,74,6,,,,,,,,,,,,,49,9,15.8,2.6,12,3.1,1.4,3.1,0.5,3.2,0.6,1.6,0.2,1.4,0.2,1.6,0.5,,,,,,,,,5.09,,0.3,0.2,0.513188,,,0.702607,,18.42,,15.42,,37.7,,,,,,,,,,,,,,,650790,
[2215],INTRAPLATE VOLCANICS,BERING SEA BASALT PROVINCE - CENOZOIC / RUSSIA / SITE 190,EAST OF SHIRSHOV RIDGE,55.5592,55.5592,171.6403,171.6403,SUBAQUATIC,,,s 19-190-11-5.40-42 [2215],NOT GIVEN [2215],,,,,,,,,VOLCANIC ROCK,,,,,WHOLE_ROCK [2215] ,,3596.0399999999995,,,,,,,,,,,,,,,,,,,,,,,,,,,,,,,,,,,,,,,,,,,,,,,,,,,,,,,,,,,,,,,,,,,,,,,,40,150,,125,,,,,,,,,,,,,,,,,,,,,,,,,,,,,,,,,,,,,,,,,,,,,,,,,,,,,,,,,,,,,,,,,,,70472,
[2215],INTRAPLATE VOLCANICS,BERING SEA BASALT PROVINCE - CENOZOIC / RUSSIA / SITE 190,EAST OF SHIRSHOV RIDGE,55.5592,55.5592,171.6403,171.6403,SUBAQUATIC,,,s 19-190-13-1.145-147 [2215],NOT GIVEN [2215],,,,,,,,,VOLCANIC ROCK,,,,,WHOLE_ROCK [2215] ,,2637.096,,,,,,,,,,,,,,,,,,,,,,,,,,,,,,,,,,,,,,,,,,,,,,,,,,,,,,,,,,,,,,,,,,,,,,,,80,170,,200,,,,,,,,,,,,,,,,,,,,,,,,,,,,,,,,,,,,,,,,,,,,,,,,,,,,,,,,,,,,,,,,,,,70473,
[2215],INTRAPLATE VOLCANICS,BERING SEA BASALT PROVINCE - CENOZOIC / RUSSIA / SITE 190,EAST OF SHIRSHOV RIDGE,55.5592,55.5592,171.6403,171.6403,SUBAQUATIC,,,s 19-190-13-2.140-142 [2215],NOT GIVEN [2215],,,,,,,,,VOLCANIC ROCK,,,,,WHOLE_ROCK [2215] ,,1378.482,,,,,,,,,,,,,,,,,,,,,,,,,,,,,,,,,,,,,,,,,,,,,,,,,,,,,,,,,,,,,,,,,,,,,,,,60,130,,110,,,,,,,,,,,,,,,,,,,,,,,,,,,,,,,,,,,,,,,,,,,,,,,,,,,,,,,,,,,,,,,,,,,70474,
[2215],INTRAPLATE VOLCANICS,BERING SEA BASALT PROVINCE - CENOZOIC / RUSSIA / SITE 190,EAST OF SHIRSHOV RIDGE,55.5592,55.5592,171.6403,171.6403,SUBAQUATIC,,,s 19-190-13-3.22-24 [2215],NOT GIVEN [2215],,,,,,,,,VOLCANIC ROCK,,,,,WHOLE_ROCK [2215] ,,1078.812,,,,,,,,,,,,,,,,,,,,,,,,,,,,,,,,,,,,,,,,,,,,,,,,,,,,,,,,,,,,,,,,,,,,,,,,95,140,,110,,,,,,,,,,,,,,,,,,,,,,,,,,,,,,,,,,,,,,,,,,,,,,,,,,,,,,,,,,,,,,,,,,,70475,
[2215],INTRAPLATE VOLCANICS,BERING SEA BASALT PROVINCE - CENOZOIC / RUSSIA / SITE 190,EAST OF SHIRSHOV RIDGE,55.5592,55.5592,171.6403,171.6403,SUBAQUATIC,,,s 19-190-14-2.126-128 [2215],NOT GIVEN [2215],,,,,,,,,VOLCANIC ROCK,,,,,WHOLE_ROCK [2215] ,,2037.756,,,,,,,,,,,,,,,,,,,,,,,,,,,,,,,,,,,,,,,,,,,,,,,,,,,,,,,,,,,,,,,,,,,,,,,,68,155,,125,,,,,,,,,,,,,,,,,,,,,,,,,,,,,,,,,,,,,,,,,,,,,,,,,,,,,,,,,,,,,,,,,,,70476,
[2215],INTRAPLATE VOLCANICS,BERING SEA BASALT PROVINCE - CENOZOIC / RUSSIA / SITE 190,EAST OF SHIRSHOV RIDGE,55.5592,55.5592,171.6403,171.6403,SUBAQUATIC,,,s 19-190-15-1.126-128 [2215],NOT GIVEN [2215],,,,,,,,,VOLCANIC ROCK,,,,,WHOLE_ROCK [2215] ,,2637.096,,,,,,,,,,,,,,,,,,,,,,,,,,,,,,,,,,,,,,,,,,,,,,,,,,,,,,,,,,,,,,,,,,,,,,,,60,175,,185,,,,,,,,,,,,,,,,,,,,,,,,,,,,,,,,,,,,,,,,,,,,,,,,,,,,,,,,,,,,,,,,,,,70477,