Citations,Tectonic Setting,Location,Location Comment,Latitude (Min),Latitude (Max),Longitude (Min),Longitude (Max),Land or Sea,Elevation (Min),Elevation (Max),Sample Name,Rock Name,"Age (a, Min)","Age (a, Max)",Geol,Age,Eruption Day,Eruption Month,Eruption Year,Rock Texture,Rock Type,Drill Depth (Min),Drill Depth (Max),Alteration,Mineral,Material,Si,Ti,B,Al,Cr,Fe3+,Fe2+,Fetot(2+),Ca,Mg,Mn,Ni,K,Na,P,H2O,H2OP,H2OM,H2Otot,CO2,CO,F,Cl,Cl2,OH,CH4,SO2,SO3,SO4,S,LOI,Volatiles,O,Others,HE(CCM/G),HE(CCMSTP/G),HE3(CCMSTP/G),HE3(AT/G),HE4(CCM/G),HE4(CCMSTP/G),HE4(AT/G),HE4(MOLE/G),HE4(NCC/G),HE(NCC/G),Li,Be,B,C,CO2,F,Na,Mg,Al,P,S,Cl,K,Ca,Sc,Ti,V,Cr,Mn,Fe,Co,Ni,Cu,Zn,Ga,Ge,As,Se,Br,Rb,Sr,Y,Zr,Nb,Mo,Ru,Rh,Pd,Ag,Cd,In,Sn,Sb,Te,I,Cs,Ba,La,Ce,Pr,Nd,Sm,Eu,Gd,Tb,Dy,Ho,Er,Tm,Yb,Lu,Hf,Ta,W,Re,Os,Ir,Pt,Au,Hg,Tl,Pb,Bi,Th,U,Nd143/Nd144,Nd143/Nd144 initial,e Nd,Sr87/Sr86,SR87_SR86_INI,PB206_PB204,PB206_PB204_INI,PB207_PB204,PB207_PB204_INI,PB208_PB204,PB208_PB204_INI,OS184_OS188,OS186_OS188,OS187_OS186,OS187_OS188,RE187_OS186,RE187_OS188,HF176_HF177,HE3_HE4,HE3_HE4(R/R(A)),HE4_HE3,HE4_HE3(R/R(A)),K40_AR40,AR40_K40,Unique Id,
[9859],INTRAPLATE VOLCANICS,EUROPEAN OROGENIC BELT - PRE-VARISCAN / BAVARIA / FRANCONIAN FOREST / RANDSCHIEFER SERIES,"SCHICKER QUARRY, KUPFERBERG SUCCESSION",50.13,50.145,11.55,11.575,SUBAERIAL,,,s KU7 [9859],BASANITE [9859],,,,ORDOVICIAN [9859],,,,,VOLCANIC ROCK,,,,,WHOLE_ROCK [9859] ,210205.51950000002,26550.761999999995,,90396.0708,,78053.04000000001,,,36592.64,16643.904,1394.0244,,25817.664999999997,15356.439899999998,2356.6734,,,,,,,,,,,,,,,,85800.,,,,,,,,,,,,,,,,,,,,,,,,,,,,20,,290,3,,,31,24,49,99,24.1,,,,,81,135,25,263,59,,,,,,,,,,,,,308,,,,,,,,,,,,,,,,,,,,,,,,,,,,,,,,,,,,,,,,,,,,,,,,,,,,,281298,
[9859],INTRAPLATE VOLCANICS,EUROPEAN OROGENIC BELT - PRE-VARISCAN / BAVARIA / FRANCONIAN FOREST / RANDSCHIEFER SERIES,"SCHICKER QUARRY, KUPFERBERG SUCCESSION",50.13,50.145,11.55,11.575,SUBAERIAL,,,s KU7A [9859],BASANITE [9859],,,,ORDOVICIAN [9859],,,,,VOLCANIC ROCK,,,,,WHOLE_ROCK [9859] ,209691.34100000001,24932.543999999998,,90131.4453,,85956.26,,,41667.01,11940.192,1316.5786,,25070.53,14762.9543,2531.2418,,,,,,,,,,,,,,,,78300.,,,,,,,,,,,,,,,,,,,,,,,,,,,,19,,322,4,,,33,24,53,113,24,,,,,81,122,27,274,63,,,,,,,,,,,,,379,,,,,,,,,,,,,,,,,,,,,,,,,,,,,,,,,,,,,,,,,,,,,,,,,,,,,281299,
[9859],INTRAPLATE VOLCANICS,EUROPEAN OROGENIC BELT - PRE-VARISCAN / BAVARIA / FRANCONIAN FOREST / RANDSCHIEFER SERIES,"SCHICKER QUARRY, KUPFERBERG SUCCESSION",50.13,50.145,11.55,11.575,SUBAERIAL,,,s KU8 [9859],BASANITE [9859],,,,ORDOVICIAN [9859],,,,,VOLCANIC ROCK,,,,,WHOLE_ROCK [9859] ,208662.98400000003,18999.077999999998,,94577.15370000001,,96167.5,,,31232.39,15739.344,1548.9160000000002,,15440.79,27597.0804,2313.0313,,,,,,,,,,,,,,,,74400.,,,,,,,,,,,,,,,,,,,,,,,,,,,,22,,208,24,,,45,35,43,130,26,,,,,48,259,42,459,81,,,,,,,,,,,,,177,,,,,,,,,,,,,,,,,,,,,,,,,,,,,,,,,,,,,,,,,,,,,,,,,,,,,281300,
[9859],INTRAPLATE VOLCANICS,EUROPEAN OROGENIC BELT - PRE-VARISCAN / BAVARIA / FRANCONIAN FOREST / RANDSCHIEFER SERIES,"SCHICKER QUARRY, KUPFERBERG SUCCESSION",50.13,50.145,11.55,11.575,SUBAERIAL,,,s KU50 [9859],BASANITE [9859],,,,ORDOVICIAN [9859],,,,,VOLCANIC ROCK,,,,,WHOLE_ROCK [9859] ,200389.38450000001,22714.985999999997,,80022.7512,,104420.42,,,44239.93,29247.439999999995,1858.6992,,16270.94,27374.523299999997,2182.105,,,,,,,,,,,,,,,,52400.,,,,,,,,,,,,,,,,,,,,,,,,,,,,22,,347,13,,,39,25,3,132,25,,,,,33,481,33,255,63,,,,,,,,,,,,,472,45,84,,38,7.6,2.7,,1,,,,,3.1,0.43,3,4.2,,,,,,,,,,,5.6,0.9,,,,,,,,,,,,,,,,,,,,,,,,,281301,
[9859],INTRAPLATE VOLCANICS,EUROPEAN OROGENIC BELT - PRE-VARISCAN / BAVARIA / FRANCONIAN FOREST / RANDSCHIEFER SERIES,"SCHICKER QUARRY, KUPFERBERG SUCCESSION",50.13,50.145,11.55,11.575,SUBAERIAL,,,s KU51 [9859],"TRACHYANDESITE, BASALTIC [9859]",,,,ORDOVICIAN [9859],,,,,VOLCANIC ROCK,,,,,WHOLE_ROCK [9859] ,236007.93150000004,10848.054,,88014.44129999999,,59588.88,,,40880.84,14774.48,1703.8076,,14029.535,43992.12009999999,2443.9576,,,,,,,,,,,,,,,,58600.,,,,,,,,,,,,,,,,,,,,,,,,,,,,10,,46,0,,,13,3,0,112,23,,,,,45,395,35,370,112,,,,,,,,,,,,,143,93,160,,73,11,4.1,,1.6,,,,,4.1,0.65,7,6.3,,,,,,,,,,,10,2.4,,,,,,,,,,,,,,,,,,,,,,,,,281302,
[9859],INTRAPLATE VOLCANICS,EUROPEAN OROGENIC BELT - PRE-VARISCAN / BAVARIA / FRANCONIAN FOREST / RANDSCHIEFER SERIES,"SCHICKER QUARRY, KUPFERBERG SUCCESSION",50.13,50.145,11.55,11.575,SUBAERIAL,,,s KU52 [9859],"TRACHYANDESITE, BASALTIC [9859]",,,,ORDOVICIAN [9859],,,,,VOLCANIC ROCK,,,,,WHOLE_ROCK [9859] ,254939.04900000003,11147.724,,90448.99590000001,,63365.64000000001,,,20368.95,14472.96,1161.687,,5728.035,52894.4041,2051.1787,,,,,,,,,,,,,,,,38200.,,,,,,,,,,,,,,,,,,,,,,,,,,,,8,,46,0,,,8,5,0,85,27,,,,,21,269,38,531,162,,,,,,,,,,,,,427,110,180,,78,11,3.6,,1.2,,,,,4.9,0.83,11,9.1,,,,,,,,,,,15,2.8,,,,,,,,,,,,,,,,,,,,,,,,,281303,
[9859],INTRAPLATE VOLCANICS,EUROPEAN OROGENIC BELT - PRE-VARISCAN / BAVARIA / FRANCONIAN FOREST / RANDSCHIEFER SERIES,"SCHICKER QUARRY, KUPFERBERG SUCCESSION",50.13,50.145,11.55,11.575,SUBAERIAL,,,s KU53 [9859],"TRACHYANDESITE, BASALTIC [9859]",,,,ORDOVICIAN [9859],,,,,VOLCANIC ROCK,,,,,WHOLE_ROCK [9859] ,245263.14450000002,10008.978,,94894.7043,,58050.200000000004,,,24728.62,15377.519999999999,1394.0244,,21085.81,41914.9205,2356.6734,,,,,,,,,,,,,,,,45500.,,,,,,,,,,,,,,,,,,,,,,,,,,,,8,,46,1,,,6,5,0,126,26,,,,,68,298,38,421,125,,,,,,,,,,,,,525,100,170,,73,12,3.9,,1.4,,,,,4.3,0.7,15,7.2,,,,,,,,,,,12,2.8,,,,,,,,,,,,,,,,,,,,,,,,,281304,
[9859],INTRAPLATE VOLCANICS,EUROPEAN OROGENIC BELT - PRE-VARISCAN / BAVARIA / FRANCONIAN FOREST / RANDSCHIEFER SERIES,"SCHICKER QUARRY, KUPFERBERG SUCCESSION",50.13,50.145,11.55,11.575,SUBAERIAL,,,s KU54 [9859],TRACHYANDESITE [9859],,,,ORDOVICIAN [9859],,,,,VOLCANIC ROCK,,,,,WHOLE_ROCK [9859] ,255686.94500000004,10248.714,,94524.2286,,57980.259999999995,,,15937.81,13809.616,1239.1328,,23161.185,44585.6057,2269.3892,,,,,,,,,,,,,,,,33600.,,,,,,,,,,,,,,,,,,,,,,,,,,,,8,,40,0,,,7,0,0,117,26,,,,,73,265,40,446,133,,,,,,,,,,,,,658,130,220,,85,15,5.4,,2.1,,,,,6.1,0.91,12,9.2,,,,,,,,,,,16,4,,,,,,,,,,,,,,,,,,,,,,,,,281305,
[9859],INTRAPLATE VOLCANICS,EUROPEAN OROGENIC BELT - PRE-VARISCAN / BAVARIA / FRANCONIAN FOREST / RANDSCHIEFER SERIES,"SCHICKER QUARRY, KUPFERBERG SUCCESSION",50.13,50.145,11.55,11.575,SUBAERIAL,,,s KU55 [9859],BASALT [9859],,,,ORDOVICIAN [9859],,,,,VOLCANIC ROCK,,,,,WHOLE_ROCK [9859] ,210626.21100000004,19418.616,,77799.897,,82808.95999999999,,,49314.3,34795.407999999996,1316.5786,,9878.785,25148.9523,1920.2524,,,,,,,,,,,,,,,,70500.,,,,,,,,,,,,,,,,,,,,,,,,,,,,33,,326,78,,,42,64,53,91,19,,,,,33,958,27,215,50,,,,,,,,,,,,,800,55,100,,58,11,4.9,,1.4,,,,,3.4,0.51,16,3.8,,,,,,,,,,,4.7,1.8,,,,,,,,,,,,,,,,,,,,,,,,,281306,
[9859],INTRAPLATE VOLCANICS,EUROPEAN OROGENIC BELT - PRE-VARISCAN / BAVARIA / FRANCONIAN FOREST / RANDSCHIEFER SERIES,"SCHICKER QUARRY, KUPFERBERG SUCCESSION",50.13,50.145,11.55,11.575,SUBAERIAL,,,s KU56 [9859],BASANITE [9859],,,,ORDOVICIAN [9859],,,,,VOLCANIC ROCK,,,,,WHOLE_ROCK [9859] ,209223.90600000002,18279.87,,90766.5465,,65673.66,,,41595.54,15679.039999999999,1626.3618,,24655.455,27522.894699999997,2531.2418,,,,,,,,,,,,,,,,102400.,,,,,,,,,,,,,,,,,,,,,,,,,,,,20,,196,0,,,26,13,5,94,21,,,,,70,243,26,257,56,,,,,,,,,,,,,306,61,110,,51,9.7,3.5,,1.2,,,,,3.2,0.43,8,,,,,,,,,,,,5.7,,,,,,,,,,,,,,,,,,,,,,,,,,281307,
[9859],INTRAPLATE VOLCANICS,EUROPEAN OROGENIC BELT - PRE-VARISCAN / BAVARIA / FRANCONIAN FOREST / RANDSCHIEFER SERIES,"SCHICKER QUARRY, KUPFERBERG SUCCESSION",50.13,50.145,11.55,11.575,SUBAERIAL,,,s KU57 [9859],BASANITE [9859],,,,ORDOVICIAN [9859],,,,,VOLCANIC ROCK,,,,,WHOLE_ROCK [9859] ,187488.1785,21336.504,,75471.1926,,84277.70000000001,,,59248.63,23277.343999999997,2245.9282,,17350.135,21439.6673,2443.9576,,,,,,,,,,,,,,,,127000.,,,,,,,,,,,,,,,,,,,,,,,,,,,,31,,389,0,,,35,28,16,97,20,,,,,83,428,29,247,69,,,,,,,,,,,,,239,64,120,,53,9.5,3.3,,1.2,,,,,3.3,0.47,8,5,,,,,,,,,,,7.6,1.9,,,,,,,,,,,,,,,,,,,,,,,,,281308,
[9859],INTRAPLATE VOLCANICS,EUROPEAN OROGENIC BELT - PRE-VARISCAN / BAVARIA / FRANCONIAN FOREST / RANDSCHIEFER SERIES,"SCHICKER QUARRY, KUPFERBERG SUCCESSION",50.13,50.145,11.55,11.575,SUBAERIAL,,,s KU58 [9859],BASALT [9859],,,,ORDOVICIAN [9859],,,,,VOLCANIC ROCK,,,,,WHOLE_ROCK [9859] ,247693.80650000004,15043.433999999997,,82404.38070000001,,79591.72,,,25014.5,12543.232,929.3496,,38186.899999999994,4451.142,2051.1787,,,,,,,,,,,,,,,,64500.,,,,,,,,,,,,,,,,,,,,,,,,,,,,15,,104,58,,,24,33,0,107,26,,,,,146,109,36,527,132,,,,,,,,,,,,,400,110,200,,87,14,4.5,,0,,,,,5.2,0.79,16,8.6,,,,,,,,,,,12,,,,,,,,,,,,,,,,,,,,,,,,,,281309,
[9859],INTRAPLATE VOLCANICS,EUROPEAN OROGENIC BELT - PRE-VARISCAN / BAVARIA / FRANCONIAN FOREST / RANDSCHIEFER SERIES,"SCHICKER QUARRY, KUPFERBERG SUCCESSION",50.13,50.145,11.55,11.575,SUBAERIAL,,,s KU59 [9859],BASANITE [9859],,,,ORDOVICIAN [9859],,,,,VOLCANIC ROCK,,,,,WHOLE_ROCK [9859] ,209504.36700000003,18219.935999999998,,89125.8684,,75675.08,,,73256.75,28584.096,1161.687,,6475.17,27745.4518,1876.6103,,,,,,,,,,,,,,,,40599.99999999999,,,,,,,,,,,,,,,,,,,,,,,,,,,,25,,304,34,,,33,45,50,113,21,,,,,21,1158,23,206,60,,,,,,,,,,,,,338,66,130,,57,10,3.8,,0,,,,,3.8,0.56,9,4.7,,,,,,,,,,,6.8,2.6,,,,,,,,,,,,,,,,,,,,,,,,,281310,
[9859],INTRAPLATE VOLCANICS,EUROPEAN OROGENIC BELT - PRE-VARISCAN / BAVARIA / FRANCONIAN FOREST / RANDSCHIEFER SERIES,"SCHICKER QUARRY, KUPFERBERG SUCCESSION",50.13,50.145,11.55,11.575,SUBAERIAL,,,s KU60 [9859],ANDESITE [9859],,,,ORDOVICIAN [9859],,,,,VOLCANIC ROCK,,,,,WHOLE_ROCK [9859] ,278310.799,13605.018,,58535.1606,,59239.18000000001,,,52673.39,29428.352,1006.7954,,12950.34,13279.2403,1352.9051,,,,,,,,,,,,,,,,27400.000000000004,,,,,,,,,,,,,,,,,,,,,,,,,,,,21,,246,25,,,35,49,61,74,12,,,,,20,381,17,150,41,,,,,,,,,,,,,1666,66,130,,57,10,3.8,,0.8,,,,,3.8,0.56,9,4.7,,,,,,,,,,,6.8,2.6,,,,,,,,,,,,,,,,,,,,,,,,,281311,
[9859],INTRAPLATE VOLCANICS,EUROPEAN OROGENIC BELT - PRE-VARISCAN / BAVARIA / FRANCONIAN FOREST / RANDSCHIEFER SERIES,"SCHICKER QUARRY, KUPFERBERG SUCCESSION",50.13,50.145,11.55,11.575,SUBAERIAL,,,s KU61 [9859],TRACHYBASALT [9859],,,,ORDOVICIAN [9859],,,,,VOLCANIC ROCK,,,,,WHOLE_ROCK [9859] ,232502.16900000002,16002.377999999999,,73089.5631,,71128.98,,,66252.69,25870.415999999997,1006.7954,,12618.28,36276.80729999999,1702.0419000000002,,,,,,,,,,,,,,,,29600.,,,,,,,,,,,,,,,,,,,,,,,,,,,,22,,258,103,,,37,76,52,69,15,,,,,15,455,22,179,48,,,,,,,,,,,,,232,46,90,,38,8,2.8,,1.2,,,,,3,0.42,7,3.3,,,,,,,,,,,5.1,3.1,,,,,,,,,,,,,,,,,,,,,,,,,281312,
[9859],INTRAPLATE VOLCANICS,EUROPEAN OROGENIC BELT - PRE-VARISCAN / BAVARIA / FRANCONIAN FOREST / RANDSCHIEFER SERIES,"SCHICKER QUARRY, KUPFERBERG SUCCESSION",50.13,50.145,11.55,11.575,SUBAERIAL,,,s KU62 [9859],BASALT [9859],,,,ORDOVICIAN [9859],,,,,VOLCANIC ROCK,,,,,WHOLE_ROCK [9859] ,210439.23700000002,17680.53,,92248.44930000001,,75814.95999999999,,,72970.87000000001,26051.328,1161.687,,5645.02,27893.8232,1963.8945,,,,,,,,,,,,,,,,36600.,,,,,,,,,,,,,,,,,,,,,,,,,,,,25,,292,34,,,35,48,44,129,22,,,,,13,2740,24,217,64,,,,,,,,,,,,,278,57,100,,47,8.3,3.1,,0.9,,,,,3,0.49,7,4,,,,,,,,,,,6,1,,,,,,,,,,,,,,,,,,,,,,,,,281313,
[9859],INTRAPLATE VOLCANICS,EUROPEAN OROGENIC BELT - PRE-VARISCAN / BAVARIA / FRANCONIAN FOREST / RANDSCHIEFER SERIES,"SCHICKER QUARRY, KUPFERBERG SUCCESSION",50.13,50.145,11.55,11.575,SUBAERIAL,,,s KU63 [9859],BASALT [9859],,,,ORDOVICIAN [9859],,,,,VOLCANIC ROCK,,,,,WHOLE_ROCK [9859] ,186880.513,14144.423999999999,,60546.3144,,80500.94,,,89123.09000000001,68143.52,1394.0244,,2988.54,18249.6822,1309.263,,,,,,,,,,,,,,,,80200.,,,,,,,,,,,,,,,,,,,,,,,,,,,,31,,253,541,,,62,315,34,85,17,,,,,14,406,18,146,37,,,,,,,,,,,,,26,39,72,,36,6.8,2.4,,1.2,,,,,2.3,0.37,6,2.2,,,,,,,,,,,3.8,2.1,,,,,,,,,,,,,,,,,,,,,,,,,281314,
[9859],INTRAPLATE VOLCANICS,EUROPEAN OROGENIC BELT - PRE-VARISCAN / BAVARIA / FRANCONIAN FOREST / RANDSCHIEFER SERIES,"SCHICKER QUARRY, KUPFERBERG SUCCESSION",50.13,50.145,11.55,11.575,SUBAERIAL,,,s KU64 [9859],BASANITE [9859],,,,ORDOVICIAN [9859],,,,,VOLCANIC ROCK,,,,,WHOLE_ROCK [9859] ,194452.96000000002,19418.616,,81240.0285,,89173.5,,,58819.810000000005,55720.896,1239.1328,,8716.575,20326.8818,1789.3261,,,,,,,,,,,,,,,,52500.,,,,,,,,,,,,,,,,,,,,,,,,,,,,30,,328,244,,,51,114,55,96,20,,,,,16,545,25,208,54,,,,,,,,,,,,,600,55,110,,54,9.5,3.7,,1.2,,,,,3.6,0.47,8,4.3,,,,,,,,,,,6.1,0.9,,,,,,,,,,,,,,,,,,,,,,,,,281315,
[9859],INTRAPLATE VOLCANICS,EUROPEAN OROGENIC BELT - PRE-VARISCAN / BAVARIA / FRANCONIAN FOREST / RANDSCHIEFER SERIES,"SCHICKER QUARRY, KUPFERBERG SUCCESSION",50.13,50.145,11.55,11.575,SUBAERIAL,,,s KU65 [9859],BASANITE [9859],,,,ORDOVICIAN [9859],,,,,VOLCANIC ROCK,,,,,WHOLE_ROCK [9859] ,204689.78650000002,16302.048,,68643.85470000001,,81689.92,,,62464.78,54092.688,929.3496,,4980.9,27671.266099999997,2007.5366000000001,,,,,,,,,,,,,,,,64000.,,,,,,,,,,,,,,,,,,,,,,,,,,,,20,,202,273,,,48,188,37,106,19,,,,,32,300,26,205,50,,,,,,,,,,,,,60,53,97,,51,9,3,,,,,,,3.2,0.46,8,3.8,,,,,,,,,,,4.6,,,,,,,,,,,,,,,,,,,,,,,,,,281316,
[8616],INTRAPLATE VOLCANICS,EUROPEAN OROGENIC BELT - PRE-VARISCAN / POLAND / SUDETES / KACZAWSKIE MOUNTAINS SERIES,,50.9,50.9,15.9,15.9,SUBAERIAL,,,s 42 [8616],SPILITE [8616],,,LOWER [8616],PALEOZOIC [8616],,,,,VOLCANIC ROCK,,,EXTENSIVELY ALTERED,,WHOLE_ROCK [8616] ,218525.86250000002,9349.704,,79599.3504,,,,71589.33,67110.33,48906.543999999994,1394.0244,,3984.72,23368.495499999997,872.8420000000001,,40000,2200.,,,,,,,,,,,,,,,,,,,,,,,,,,,22,,,,,,,,,,,,,,,,275,276,,,48,111,158,133,17,,,,,10,84,26,108,8,,,,,,,,,,,,,51,,,,,,,,,,,,,,,,,,,,,,,,,12,,,,,,,,,,,,,,,,,,,,,,,,,,,,284568,
[8616],INTRAPLATE VOLCANICS,EUROPEAN OROGENIC BELT - PRE-VARISCAN / POLAND / SUDETES / KACZAWSKIE MOUNTAINS SERIES,,50.9,50.9,15.9,15.9,SUBAERIAL,,,s 43 [8616],SPILITE [8616],,,LOWER [8616],PALEOZOIC [8616],,,,,VOLCANIC ROCK,,,EXTENSIVELY ALTERED,,WHOLE_ROCK [8616] ,217637.73600000003,9829.176,,76741.395,,,,70190.18999999999,79689.05,45047.087999999996,1316.5786,,498.09,23813.609699999997,1047.4104,,39300.,1500.,,,,,,,,,,,,,,,,,,,,,,,,,,,13,,,,,,,,,,,,,,,,252,339,,,45,140,73,72,19,,,,,2,113,25,123,11,,,,,,,,,,,,,9,13.2,31.1,,,5.09,1.75,,0.96,,,,,2.38,0.38,,,,,,,,,,,6,,,,,,,,,,,,,,,,,,,,,,,,,,,,284569,
[8616],INTRAPLATE VOLCANICS,EUROPEAN OROGENIC BELT - PRE-VARISCAN / POLAND / SUDETES / KACZAWSKIE MOUNTAINS SERIES,,50.9,50.9,15.9,15.9,SUBAERIAL,,,s 44 [8616],SPILITE [8616],,,LOWER [8616],PALEOZOIC [8616],,,,,VOLCANIC ROCK,,,EXTENSIVELY ALTERED,,WHOLE_ROCK [8616] ,247787.2935,5933.465999999999,,80710.7775,,,,66148.23,52173.1,27136.8,1471.4702,,12701.295,24629.6524,1483.8314,,35800.,3200.,,,,,,,,,,,,,,,,,,,,,,,,,,,17,,,,,,,,,,,,,,31,,192,38,,,28,25,38,82,,,,,,41,187,,,,,,,,,,,,,,,,402,12.7,30.6,,,4.56,1.49,,0.72,,,,,2.05,0.35,,,,,,,,,,,,,,,,,,,,,,,,,,,,,,,,,,,,,,,284570,
[8616],INTRAPLATE VOLCANICS,EUROPEAN OROGENIC BELT - PRE-VARISCAN / POLAND / SUDETES / KACZAWSKIE MOUNTAINS SERIES,,50.9,50.9,15.9,15.9,SUBAERIAL,,,s 45 [8616],SPILITE [8616],,,LOWER [8616],PALEOZOIC [8616],,,,,VOLCANIC ROCK,,,EXTENSIVELY ALTERED,,WHOLE_ROCK [8616] ,238625.5675,12346.404,,72242.76150000001,,,,83948.40000000001,45097.57,40283.07199999999,1394.0244,,5312.96,35831.6931,1352.9051,,23800.,1600.,,,,,,,,,,,,,,,,,,,,,,,,,,,22,,,,,,,,,,,,,,48,,296,89,,,42,32,4,96,20,,,,,10,183,36,173,16,,,,,,,,,,,,,128,17,42.4,,,6.53,2.21,,1.26,,,,,4.11,0.69,,,,,,,,,,,12,,,,,,,,,,,,,,,,,,,,,,,,,,,,284571,
[8616],INTRAPLATE VOLCANICS,EUROPEAN OROGENIC BELT - PRE-VARISCAN / POLAND / SUDETES / KACZAWSKIE MOUNTAINS SERIES,,50.9,50.9,15.9,15.9,SUBAERIAL,,,s 46 [8616],SPILITE [8616],,,LOWER [8616],PALEOZOIC [8616],,,,,VOLCANIC ROCK,,,EXTENSIVELY ALTERED,,WHOLE_ROCK [8616] ,231333.58150000003,10967.922,,73460.03880000001,,,,70190.18999999999,58962.75,42152.496,1471.4702,,1411.255,33012.6365,1178.3367,,38700.,2100.,,,,,,,,,,,,,,,,,,,,,,,,,,,21,,,,,,,,,,,,,,,,282,292,,,38,144,76,69,18,,,,,5,105,30,129,13,,,,,,,,,,,,,36,15.3,38.3,,,5.92,1.99,,1.08,,,,,3.31,0.51,,,,,,,,,,,9,,,,,,,,,,,,,,,,,,,,,,,,,,,,284572,
[8616],INTRAPLATE VOLCANICS,EUROPEAN OROGENIC BELT - PRE-VARISCAN / POLAND / SUDETES / KACZAWSKIE MOUNTAINS SERIES,,50.9,50.9,15.9,15.9,SUBAERIAL,,,s 47 [8616],SPILITE [8616],,,LOWER [8616],PALEOZOIC [8616],,,,,VOLCANIC ROCK,,,EXTENSIVELY ALTERED,,WHOLE_ROCK [8616] ,204830.01700000002,12885.81,,79387.65000000001,,,,99494.40000000001,70112.07,16101.167999999998,1084.2412000000002,,1660.3000000000002,38576.564,1396.5472,,55800.,800.,,,,,,,,,,,,,,,,,,,,,,,,,,,24,,,,,,,,,,,,,,,,250,303,,,55,210,57,116,20,,,,,8,304,40,391,36,,,,,,,,,,,,,250,,,,,,,,,,,,,,,,,,,,,,,,,49,,,,,,,,,,,,,,,,,,,,,,,,,,,,284573,
[8616],INTRAPLATE VOLCANICS,EUROPEAN OROGENIC BELT - PRE-VARISCAN / POLAND / SUDETES / KACZAWSKIE MOUNTAINS SERIES,,50.9,50.9,15.9,15.9,SUBAERIAL,,,s 48 [8616],SPILITE [8616],,,LOWER [8616],PALEOZOIC [8616],,,,,VOLCANIC ROCK,,,EXTENSIVELY ALTERED,,WHOLE_ROCK [8616] ,228482.22800000003,15223.235999999999,,77429.4213,,,,94830.59999999999,36235.29,27378.016,1316.5786,,664.12,45401.6484,1614.7576999999999,,33400.,2100.,,,,,,,,,,,,,,,,,,,,,,,,,,,57,,,,,,,,,,,,,,,,315,134,,,42,27,58,110,22,,,,,1,105,38,220,17,,,,,,,,,,,,,92,,,,,,,,,,,,,,,,,,,,,,,,,12,,,,,,,,,,,,,,,,,,,,,,,,,,,,284574,
[8616],INTRAPLATE VOLCANICS,EUROPEAN OROGENIC BELT - PRE-VARISCAN / POLAND / SUDETES / KACZAWSKIE MOUNTAINS SERIES,,50.9,50.9,15.9,15.9,SUBAERIAL,,,s 49 [8616],SPILITE [8616],,,LOWER [8616],PALEOZOIC [8616],,,,,VOLCANIC ROCK,,,EXTENSIVELY ALTERED,,WHOLE_ROCK [8616] ,227687.5885,21276.569999999996,,78805.47390000001,,,,75553.56000000001,41166.72,37147.263999999996,1239.1328,,3569.645,31306.365399999995,3884.1469,,39800.,300.,,,,,,,,,,,,,,,,,,,,,,,,,,,49,,,,,,,,,,,,,,,,255,220,,,41,142,67,145,24,,,,,10,346,36,436,64,,,,,,,,,,,,,30,,,,,,,,,,,,,,,,,,,,,,,,,10,,,,,,,,,,,,,,,,,,,,,,,,,,,,284575,
[8616],INTRAPLATE VOLCANICS,EUROPEAN OROGENIC BELT - PRE-VARISCAN / POLAND / SUDETES / KACZAWSKIE MOUNTAINS SERIES,,50.9,50.9,15.9,15.9,SUBAERIAL,,,s 50 [8616],SPILITE [8616],,,LOWER [8616],PALEOZOIC [8616],,,,,VOLCANIC ROCK,,,EXTENSIVELY ALTERED,,WHOLE_ROCK [8616] ,215767.996,19478.55,,79546.4253,,,,103303.17,30303.280000000002,28342.88,1239.1328,,8550.545,39911.906599999995,2225.7471,,37700.,700.0000000000001,,,,,,,,,,,,,,,,,,,,,,,,,,,19,,,,,,,,,,,,,,,,318,212,,,66,64,37,153,,,,,,29,216,30,270,23,,,,,,,,,,,,,,,,,,,,,,,,,,,,,,,,,,,,,,,,,,,,,,,,,,,,,,,,,,,,,,,,,,284576,
[8616],INTRAPLATE VOLCANICS,EUROPEAN OROGENIC BELT - PRE-VARISCAN / POLAND / SUDETES / KACZAWSKIE MOUNTAINS SERIES,,50.9,50.9,15.9,15.9,SUBAERIAL,,,s 51 [8616],SPILITE [8616],,,LOWER [8616],PALEOZOIC [8616],,,,,VOLCANIC ROCK,,,EXTENSIVELY ALTERED,,WHOLE_ROCK [8616] ,217637.73600000003,17800.398,,76688.46990000001,,,,89700.42,61035.38,33890.848,1394.0244,,996.18,31380.5511,2443.9576,,39000.,600.,,,,,,,,,,,,,,,,,,,,,,,,,,,32,,,,,,,,,,,,,,,,282,286,,,45,159,43,121,21,,,,,1,330,31,220,24,,,,,,,,,,,,,27,,,,,,,,,,,,,,,,,,,,,,,,,6,,,,,,,,,,,,,,,,,,,,,,,,,,,,284577,
[8616],INTRAPLATE VOLCANICS,EUROPEAN OROGENIC BELT - PRE-VARISCAN / POLAND / SUDETES / KACZAWSKIE MOUNTAINS SERIES,,50.9,50.9,15.9,15.9,SUBAERIAL,,,s 52 [8616],SPILITE [8616],,,LOWER [8616],PALEOZOIC [8616],,,,,VOLCANIC ROCK,,,EXTENSIVELY ALTERED,,WHOLE_ROCK [8616] ,221283.72900000002,11806.998,,71819.3607,,,,69412.89,75472.32,6030.4,774.4580000000001,,7056.275,48962.562,2225.7471,,72600.,200.,,,,,,,,,,,,,,,,,,,,,,,,,,,13,,,,,,,,,,,,,,,,138,187,,,12,69,25,35,,,,,,20,220,29,171,15,,,,,,,,,,,,,180,,,,,,,,,,,,,,,,,,,,,,,,,,,,,,,,,,,,,,,,,,,,,,,,,,,,,284578,
[8616],INTRAPLATE VOLCANICS,EUROPEAN OROGENIC BELT - PRE-VARISCAN / POLAND / SUDETES / LESZCZYNIEC FORMATION,RUDAWY-JANOWICKIE RANGE OF THE KARKONOSZE MOUNTAINS,50.8,50.8,15.9,15.9,SUBAERIAL,,,s 67 [8616],SPILITE [8616],,,LOWER [8616],PALEOZOIC [8616],,,,,VOLCANIC ROCK,,,EXTENSIVELY ALTERED,,WHOLE_ROCK [8616] ,247132.88450000001,6053.334,,75894.5934,,,,81538.77,50600.76,30755.039999999997,1626.3618,,83.015,38502.378300000004,654.6315,,17400.,1100.,,,,,,,,,,,,,,,,,,,,,,,,,,,6,,,,,,,,,,,,,,36,,312,26,,,29,18,26,62,,,,,,1,148,20,60,3,,,,,,,,,,,,,,2.44,7.06,,,2.2,0.84,,0.56,,,,,2.3,0.36,,,,,,,,,,,,,,,,,,,,,,,,,,,,,,,,,,,,,,,284579,
[8616],INTRAPLATE VOLCANICS,EUROPEAN OROGENIC BELT - PRE-VARISCAN / POLAND / SUDETES / LESZCZYNIEC FORMATION,RUDAWY-JANOWICKIE RANGE OF THE KARKONOSZE MOUNTAINS,50.8,50.8,15.9,15.9,SUBAERIAL,,,s 68 [8616],SPILITE [8616],,,LOWER [8616],PALEOZOIC [8616],,,,,VOLCANIC ROCK,,,EXTENSIVELY ALTERED,,WHOLE_ROCK [8616] ,238017.90200000003,4614.918,,82298.53050000001,,,,81771.95999999999,69182.95999999999,32262.639999999996,2323.374,,2158.39,16320.854000000001,480.0631,,25299.999999999996,1000.,,,,,,,,,,,,,,,,,,,,,,,,,,,11,,,,,,,,,,,,,,38,,363,53,,,30,25,4,120,19,,,,,5,248,21,39,4,,,,,,,,,,,,,103,1.73,5.17,,,1.79,0.68,,0.48,,,,,1.96,0.35,,,,,,,,,,,13,,,,,,,,,,,,,,,,,,,,,,,,,,,,284580,
[8616],INTRAPLATE VOLCANICS,EUROPEAN OROGENIC BELT - PRE-VARISCAN / POLAND / SUDETES / LESZCZYNIEC FORMATION,RUDAWY-JANOWICKIE RANGE OF THE KARKONOSZE MOUNTAINS,50.8,50.8,15.9,15.9,SUBAERIAL,,,s 69 [8616],SPILITE [8616],,,LOWER [8616],PALEOZOIC [8616],,,,,VOLCANIC ROCK,,,EXTENSIVELY ALTERED,,WHOLE_ROCK [8616] ,243533.63500000004,3476.1719999999996,,54512.853,,,,109521.56999999999,70326.48,47640.159999999996,2245.9282,,996.18,6454.1559,610.9894,,16900.,900.,,,,,,,,,,,,,,,,,,,,,,,,,,,5,,,,,,,,,,,,,,,,393,132,,,45,29,81,124,13,,,,,2,136,11,22,4,,,,,,,,,,,,,,,,,,,,,,,,,,,,,,,,,,,,,,17,,,,,,,,,,,,,,,,,,,,,,,,,,,,284581,
[8616],INTRAPLATE VOLCANICS,EUROPEAN OROGENIC BELT - PRE-VARISCAN / POLAND / SUDETES / LESZCZYNIEC FORMATION,RUDAWY-JANOWICKIE RANGE OF THE KARKONOSZE MOUNTAINS,50.8,50.8,15.9,15.9,SUBAERIAL,,,s 70 [8616],SPILITE [8616],,,LOWER [8616],PALEOZOIC [8616],,,,,VOLCANIC ROCK,,,EXTENSIVELY ALTERED,,WHOLE_ROCK [8616] ,239840.89850000004,2157.624,,107437.95300000001,,,,60862.590000000004,61464.2,21106.399999999998,1084.2412000000002,,1494.27,24629.6524,218.21050000000002,,30900.,700.0000000000001,,,,,,,,,,,,,,,,,,,,,,,,,,,6,,,,,,,,,,,,,,,,243,80,,,24,12,775,86,13,,,,,3,260,7,20,3,,,,,,,,,,,,,38,,,,,,,,,,,,,,,,,,,,,,,,,7,,,,,,,,,,,,,,,,,,,,,,,,,,,,284582,
[8616],INTRAPLATE VOLCANICS,EUROPEAN OROGENIC BELT - PRE-VARISCAN / POLAND / SUDETES / LESZCZYNIEC FORMATION,RUDAWY-JANOWICKIE RANGE OF THE KARKONOSZE MOUNTAINS,50.8,50.8,15.9,15.9,SUBAERIAL,,,s 71 [8616],SPILITE [8616],,,LOWER [8616],PALEOZOIC [8616],,,,,VOLCANIC ROCK,,,EXTENSIVELY ALTERED,,WHOLE_ROCK [8616] ,233717.50000000003,1678.152,,74624.391,,,,44383.83,110063.8,56987.27999999999,1084.2412000000002,,498.09,13724.3545,218.21050000000002,,14700.,400.,,,,,,,,,,,,,,,,,,,,,,,,,,,6,,,,,,,,,,,,,,,,156,462,,,40,63,24,56,12,,,,,1,195,14,36,2,,,,,,,,,,,,,6,,,,,,,,,,,,,,,,,,,,,,,,,9,,,,,,,,,,,,,,,,,,,,,,,,,,,,284583,
[8616],INTRAPLATE VOLCANICS,EUROPEAN OROGENIC BELT - PRE-VARISCAN / POLAND / SUDETES / LESZCZYNIEC FORMATION,RUDAWY-JANOWICKIE RANGE OF THE KARKONOSZE MOUNTAINS,50.8,50.8,15.9,15.9,SUBAERIAL,,,s 72 [8616],SPILITE [8616],,,LOWER [8616],PALEOZOIC [8616],,,,,VOLCANIC ROCK,,,EXTENSIVELY ALTERED,,WHOLE_ROCK [8616] ,222592.547,1198.68,,105320.949,,,,33890.280000000006,111493.2,46856.20799999999,697.0122,,1079.195,12759.9404,261.8526,,23700.,400.,,,,,,,,,,,,,,,,,,,,,,,,,,,4,,,,,,,,,,,,,,,,131,462,,,27,55,48,21,10,,,,,2,180,8,14,2,,,,,,,,,,,,,29,,,,,,,,,,,,,,,,,,,,,,,,,11,,,,,,,,,,,,,,,,,,,,,,,,,,,,284584,
[8616],INTRAPLATE VOLCANICS,EUROPEAN OROGENIC BELT - PRE-VARISCAN / POLAND / SUDETES / LESZCZYNIEC FORMATION,RUDAWY-JANOWICKIE RANGE OF THE KARKONOSZE MOUNTAINS,50.8,50.8,15.9,15.9,SUBAERIAL,,,s 73 [8616],SPILITE [8616],,,LOWER [8616],PALEOZOIC [8616],,,,,VOLCANIC ROCK,,,EXTENSIVELY ALTERED,,WHOLE_ROCK [8616] ,248021.01100000003,6113.268,,80340.3018,,,,81849.68999999999,38808.21,29790.176,1471.4702,,664.12,42285.849,610.9894,,20200.,1100.,,,,,,,,,,,,,,,,,,,,,,,,,,,6,,,,,,,,,,,,,,,,298,42,,,34,14,39,100,17,,,,,1,74,27,63,3,,,,,,,,,,,,,29,,,,,,,,,,,,,,,,,,,,,,,,,8,,,,,,,,,,,,,,,,,,,,,,,,,,,,284585,
[8616],INTRAPLATE VOLCANICS,EUROPEAN OROGENIC BELT - PRE-VARISCAN / POLAND / SUDETES / LESZCZYNIEC FORMATION,RUDAWY-JANOWICKIE RANGE OF THE KARKONOSZE MOUNTAINS,50.8,50.8,15.9,15.9,SUBAERIAL,,,s 74 [8616],SPILITE [8616],,,LOWER [8616],PALEOZOIC [8616],,,,,VOLCANIC ROCK,,,EXTENSIVELY ALTERED,,WHOLE_ROCK [8616] ,238952.772,5873.531999999999,,74889.0165,,,,86047.11,41238.189999999995,40886.112,1548.9160000000002,,830.1500000000001,36128.4359,610.9894,,26700.,200.,,,,,,,,,,,,,,,,,,,,,,,,,,,10,,,,,,,,,,,,,,63,,328,136,,,42,41,76,113,17,,,,,2,173,27,67,4,,,,,,,,,,,,,145,1.78,6.74,,,3.28,1.39,,1.05,,,,,4.44,0.69,,,,,,,,,,,8,,,,,,,,,,,,,,,,,,,,,,,,,,,,284586,
[8616],INTRAPLATE VOLCANICS,EUROPEAN OROGENIC BELT - PRE-VARISCAN / POLAND / SUDETES / LESZCZYNIEC FORMATION,RUDAWY-JANOWICKIE RANGE OF THE KARKONOSZE MOUNTAINS,50.8,50.8,15.9,15.9,SUBAERIAL,,,s 75 [8616],SPILITE [8616],,,LOWER [8616],PALEOZOIC [8616],,,,,VOLCANIC ROCK,,,EXTENSIVELY ALTERED,,WHOLE_ROCK [8616] ,225303.67000000004,2397.36,,74571.4659,,,,75164.91,43167.88,57650.623999999996,1471.4702,,15938.88,20623.6246,392.77889999999996,,56600.,200.,,,,,,,,,,,,,,,,,,,,,,,,,,,15,,,,,,,,,,,,,,,,240,710,,,48,200,8,98,,,,,,32,17,13,21,2,,,,,,,,,,,,,615,,,,,,,,,,,,,,,,,,,,,,,,,,,,,,,,,,,,,,,,,,,,,,,,,,,,,284587,
[8616],INTRAPLATE VOLCANICS,EUROPEAN OROGENIC BELT - PRE-VARISCAN / POLAND / SUDETES / LESZCZYNIEC FORMATION,RUDAWY-JANOWICKIE RANGE OF THE KARKONOSZE MOUNTAINS,50.8,50.8,15.9,15.9,SUBAERIAL,,,s 76 [8616],SPILITE [8616],,,LOWER [8616],PALEOZOIC [8616],,,,,VOLCANIC ROCK,,,EXTENSIVELY ALTERED,,WHOLE_ROCK [8616] ,236194.90550000002,4015.578,,81504.65400000001,,,,58608.42,68968.55,49992.01599999999,1161.687,,10542.905,21513.853,916.4841,,19800.,500.,,,,,,,,,,,,,,,,,,,,,,,,,,,4,,,,,,,,,,,,,,,,166,650,,,34,190,17,75,13,,,,,14,159,29,85,2,,,,,,,,,,,,,260,1.86,7.52,,,3.42,1.38,,1,,,,,4.62,0.79,,,,,,,,,,,10,,,,,,,,,,,,,,,,,,,,,,,,,,,,284588,
[8616],INTRAPLATE VOLCANICS,EUROPEAN OROGENIC BELT - PRE-VARISCAN / POLAND / SUDETES / LESZCZYNIEC FORMATION,RUDAWY-JANOWICKIE RANGE OF THE KARKONOSZE MOUNTAINS,50.8,50.8,15.9,15.9,SUBAERIAL,,,s 77 [8616],SPILITE [8616],,,LOWER [8616],PALEOZOIC [8616],,,,,VOLCANIC ROCK,,,EXTENSIVELY ALTERED,,WHOLE_ROCK [8616] ,229417.098,6053.334,,72295.6866,,,,106179.18000000001,51958.689999999995,39197.6,1471.4702,,2075.375,31157.994,523.7052,,21800.,700.0000000000001,,,,,,,,,,,,,,,,,,,,,,,,,,,6,,,,,,,,,,,,,,,,720,42,,,52,8,11,65,17,,,,,1,132,19,56,3,,,,,,,,,,,,,71,,,,,,,,,,,,,,,,,,,,,,,,,11,,,,,,,,,,,,,,,,,,,,,,,,,,,,284589,
[8616],INTRAPLATE VOLCANICS,EUROPEAN OROGENIC BELT - PRE-VARISCAN / POLAND / SUDETES / LESZCZYNIEC FORMATION,RUDAWY-JANOWICKIE RANGE OF THE KARKONOSZE MOUNTAINS,50.8,50.8,15.9,15.9,SUBAERIAL,,,s 78 [8616],SPILITE [8616],,,LOWER [8616],PALEOZOIC [8616],,,,,VOLCANIC ROCK,,,EXTENSIVELY ALTERED,,WHOLE_ROCK [8616] ,249750.5205,7611.6179999999995,,74730.2412,,,,89311.77,44168.46,25026.16,1394.0244,,498.09,43027.706,654.6315,,13100.,200.,,,,,,,,,,,,,,,,,,,,,,,,,,,3,,,,,,,,,,,,,,,,404,22,,,33,4,5,51,,,,,,1,116,27,75,3,,,,,,,,,,,,,,,,,,,,,,,,,,,,,,,,,,,,,,,,,,,,,,,,,,,,,,,,,,,,,,,,,,284590,
[8616],INTRAPLATE VOLCANICS,EUROPEAN OROGENIC BELT - PRE-VARISCAN / POLAND / SUDETES / KACZAWSKIE MOUNTAINS SERIES,,50.9,50.9,15.9,15.9,SUBAERIAL,,,s 15 [8616],KERATOPHYRE [8616],,,LOWER [8616],PALEOZOIC [8616],,,,,VOLCANIC ROCK,,,EXTENSIVELY ALTERED,,WHOLE_ROCK [8616] ,348052.101,5334.126,,57423.7335,,,,33657.090000000004,0,2894.5919999999996,154.8916,,44080.965,8976.4697,741.9157,,9200.,,,,,,,,,,,,,,,,,,,,,,,,,,,,,,,,,,,,,,,,,,,,46,65,,,,12,,18,11,,,,,105,41,19,255,16,,,,,,,,,,,,,347,,,,,,,,,,,,,,,,,,,,,,,,,12,,,,,,,,,,,,,,,,,,,,,,,,,,,,284591,
[8616],INTRAPLATE VOLCANICS,EUROPEAN OROGENIC BELT - PRE-VARISCAN / POLAND / SUDETES / KACZAWSKIE MOUNTAINS SERIES,,50.9,50.9,15.9,15.9,SUBAERIAL,,,s 16 [8616],KERATOPHYRE [8616],,,LOWER [8616],PALEOZOIC [8616],,,,,VOLCANIC ROCK,,,EXTENSIVELY ALTERED,,WHOLE_ROCK [8616] ,302336.95800000004,3775.8419999999996,,91401.6477,,,,26894.579999999998,1357.93,1929.7279999999998,542.1206000000001,,67491.195,30490.3227,741.9157,,3800.,,,,,,,,,,,,,,,,,,,,,,,,,,,,,,,,,,,,,,,,,,,,7,6,,,,15,4,127,24,,,,,79,11,57,811,158,,,,,,,,,,,,,813,,,,,,,,,,,,,,,,,,,,,,,,,16,,,,,,,,,,,,,,,,,,,,,,,,,,,,284592,
[8616],INTRAPLATE VOLCANICS,EUROPEAN OROGENIC BELT - PRE-VARISCAN / POLAND / SUDETES / LESZCZYNIEC FORMATION,RUDAWY-JANOWICKIE RANGE OF THE KARKONOSZE MOUNTAINS,50.8,50.8,15.9,15.9,SUBAERIAL,,,s 79 [8616],KERATOPHYRE [8616],,,LOWER [8616],PALEOZOIC [8616],,,,,VOLCANIC ROCK,,,EXTENSIVELY ALTERED,,WHOLE_ROCK [8616] ,330943.98000000004,1438.416,,74941.9416,,,,36921.75,13793.71,2894.5919999999996,697.0122,,2241.405,44511.42,392.77889999999996,,5900.,200.,,,,,,,,,,,,,,,,,,,,,,,,,,,5,,,,,,,,,,,,,,4.6,,12,5,,,4,5,13,45,26,,,,,2,116,34,138,5,,,,,,,,,,,,,31,7.87,18.2,,,2.64,0.48,,0.53,,,,,2.64,0.48,,,,,,,,,,,12,,,,,,,,,,,,,,,,,,,,,,,,,,,,284593,
[8616],INTRAPLATE VOLCANICS,EUROPEAN OROGENIC BELT - PRE-VARISCAN / POLAND / SUDETES / LESZCZYNIEC FORMATION,RUDAWY-JANOWICKIE RANGE OF THE KARKONOSZE MOUNTAINS,50.8,50.8,15.9,15.9,SUBAERIAL,,,s 80 [8616],KERATOPHYRE [8616],,,LOWER [8616],PALEOZOIC [8616],,,,,VOLCANIC ROCK,,,EXTENSIVELY ALTERED,,WHOLE_ROCK [8616] ,341508.01100000006,2397.36,,66685.626,,,,32491.14,10148.74,5547.968,464.6748,,1494.27,42656.7775,480.0631,,5000.,200.,,,,,,,,,,,,,,,,,,,,,,,,,,,4,,,,,,,,,,,,,,5.6,,14,16,,,3,8,62,33,17,,,,,1,81,37,130,5,,,,,,,,,,,,,48,6.61,15.5,,,2.17,0.79,,0.61,,,,,3.14,0.55,,,,,,,,,,,12,,,,,,,,,,,,,,,,,,,,,,,,,,,,284594,
[8616],INTRAPLATE VOLCANICS,EUROPEAN OROGENIC BELT - PRE-VARISCAN / POLAND / SUDETES / LESZCZYNIEC FORMATION,RUDAWY-JANOWICKIE RANGE OF THE KARKONOSZE MOUNTAINS,50.8,50.8,15.9,15.9,SUBAERIAL,,,s 81 [8616],KERATOPHYRE [8616],,,LOWER [8616],PALEOZOIC [8616],,,,,VOLCANIC ROCK,,,EXTENSIVELY ALTERED,,WHOLE_ROCK [8616] ,343751.6990000001,1977.822,,64145.2212,,,,31713.84,5574.66,5547.968,232.3374,,2490.45,42879.3346,349.1368,,6500.,200.,,,,,,,,,,,,,,,,,,,,,,,,,,,4,,,,,,,,,,,,,,,,10,4,,,3,1,14,26,,,,,,2,81,,,,,,,,,,,,,,,,,,,,,,,,,,,,,,,,,,,,,,,,,,,,,,,,,,,,,,,,,,,,,,,,,,,,,284595,
[10797],INTRAPLATE VOLCANICS,EUROPEAN OROGENIC BELT - PRE-VARISCAN / CZECH REPUBLIC / SUDETES,"EAST KRKONOSE COMPLEX, CENTRAL WEST SUDETES",50.75,50.75,15.55,15.55,SUBAERIAL,,,s EK-43 [10797],BASALT [10797],494000000 [10797],505000000 [10797],,CAMBRIAN [10797],,,,,VOLCANIC ROCK,,,,,WHOLE_ROCK [10797] ,214879.8695,10008.978,,76370.91930000001,,22170.98,59541.18,,62822.13,52464.479999999996,1394.0244,,830.1500000000001,26039.180699999997,829.1999000000001,49600.,,,,6899.999999999999,,,,,,,,,,,,,,,,,,,,,,,,,,,,,,,,,,,,,,,,,378,172,,,53,125,,,,,,,,12,217,25,90,,,,,,,,,,,,,,154,7.4,24.1,,12.9,3.69,1.11,3.76,0.68,,1,,0.42,2.8,0.22,2.1,0.9,,,,,,,,,,,0.5,,0.512853,,,,,,,,,,,,,,,,,,,,,,,,316333,
[10797],INTRAPLATE VOLCANICS,EUROPEAN OROGENIC BELT - PRE-VARISCAN / CZECH REPUBLIC / SUDETES,"EAST KRKONOSE COMPLEX, CENTRAL WEST SUDETES",50.75,50.75,15.55,15.55,SUBAERIAL,,,s EK-51 [10797],BASALT [10797],494000000 [10797],505000000 [10797],,CAMBRIAN [10797],,,,,VOLCANIC ROCK,,,,,WHOLE_ROCK [10797] ,225163.43950000004,14983.5,,81398.80380000001,,30843.54,50990.88,,58676.87,36544.223999999995,1084.2412000000002,,6558.185,20252.696099999997,1789.3261,37400.,,,,2700.,,,,,,,,,,,,,,,,,,,,,,,,,,,,,,,,,,,,,,,,,291,175,,,40,62,,,,,,,,10,391,32,251,13.1,,,,,,,,,,,,,276,17.59,42.1,,24.88,5.72,1.95,6.4,1.05,,1.24,,0.52,3.32,0.46,4.95,0.75,,,,,,,,,,,1.73,,,,,,,,,,,,,,,,,,,,,,,,,,316334,
[10797],INTRAPLATE VOLCANICS,EUROPEAN OROGENIC BELT - PRE-VARISCAN / CZECH REPUBLIC / SUDETES,"EAST KRKONOSE COMPLEX, CENTRAL WEST SUDETES",50.75,50.75,15.55,15.55,SUBAERIAL,,,s EK-52 [10797],BASALT [10797],494000000 [10797],505000000 [10797],,CAMBRIAN [10797],,,,,VOLCANIC ROCK,,,,,WHOLE_ROCK [10797] ,199220.797,5693.73,,89760.96960000001,,29444.739999999998,35522.61,,63608.3,50956.87999999999,929.3496,,2075.375,25964.995,480.0631,55300.,,,,39900.,,,,,,,,,,,,,,,,,,,,,,,,,,,,,,,,,,,,,,,,,179,253,,,45,135,,,,,,,,4,192,16,65,3.3,,,,,,,,,,,,,55,3.43,9.4,,7.18,2.18,0.88,2.93,0.42,,0.59,,0.27,1.64,0.25,1.67,0.19,,,,,,,,,,,0.39,,0.512936,,,,,,,,,,,,,,,,,,,,,,,,316335,
[10797],INTRAPLATE VOLCANICS,EUROPEAN OROGENIC BELT - PRE-VARISCAN / CZECH REPUBLIC / SUDETES,"EAST KRKONOSE COMPLEX, CENTRAL WEST SUDETES",50.75,50.75,15.55,15.55,SUBAERIAL,,,s EK-62 [10797],BASALT [10797],494000000 [10797],505000000 [10797],,CAMBRIAN [10797],,,,,VOLCANIC ROCK,,,,,WHOLE_ROCK [10797] ,195808.52150000003,21096.768,,94788.85410000001,,22310.86,64904.549999999996,,43310.82,31900.816,2168.4824000000003,,19425.51,17507.8252,4582.4205,72700.,,,,24400.,,,,,,,,,,,,,,,,,,,,,,,,,,,,,,,,,,,,,,,,,233,4,,,28,9,,,,,,,,104,267,31,414,127.9,,,,,,,,,,,,,419,80.47,163.2,,73.6,12.7,3.43,10,1.25,,1.22,,0.44,2.52,0.4,8.58,6.79,,,,,,,,,,,9.31,,0.512498,,,,,,,,,,,,,,,,,,,,,,,,316336,
[10797],INTRAPLATE VOLCANICS,EUROPEAN OROGENIC BELT - PRE-VARISCAN / CZECH REPUBLIC / SUDETES,"EAST KRKONOSE COMPLEX, CENTRAL WEST SUDETES",50.75,50.75,15.55,15.55,SUBAERIAL,,,s EK-4 [10797],RHYOLITE [10797],494000000 [10797],505000000 [10797],,CAMBRIAN [10797],,,,,VOLCANIC ROCK,,,,,WHOLE_ROCK [10797] ,345294.2345,1078.812,,64303.9965,,12659.140000000001,2565.09,,428.82,1507.6,77.4458,,72970.185,10163.4409,261.8526,3500.,,,,500.,,,,,,,,,,,,,,,,,,,,,,,,,,,,,,,,,,,,,,,,,13,191,,,37,52,,,,,,,,164,14,17,131,7.6,,,,,,,,,,,,,883,12.99,53.71,,10.85,2.27,0.16,2.14,0.41,,0.64,,0.39,2.76,0.41,2.93,1.12,,,,,,,,,,,10,,,,,,,,,,,,,,,,,,,,,,,,,,316337,
[10797],INTRAPLATE VOLCANICS,EUROPEAN OROGENIC BELT - PRE-VARISCAN / CZECH REPUBLIC / SUDETES,"EAST KRKONOSE COMPLEX, CENTRAL WEST SUDETES",50.75,50.75,15.55,15.55,SUBAERIAL,,,s EK-41 [10797],RHYOLITE [10797],494000000 [10797],505000000 [10797],,CAMBRIAN [10797],,,,,VOLCANIC ROCK,,,,,WHOLE_ROCK [10797] ,349267.43200000003,359.604,,69067.25550000001,,8812.44,621.84,,2144.1,3075.504,154.8916,,44745.085,10015.0695,87.2842,15500.,,,,100.,,,,,,,,,,,,,,,,,,,,,,,,,,,,,,,,,,,,,,,,,6,70,,,31,48,,,,,,,,148,41,28,98,4.6,,,,,,,,,,,,,950,13.65,39.99,,14,3.78,0.37,4.12,0.77,,0.97,,0.45,3.07,0.41,3.39,0.85,,,,,,,,,,,12.24,,0.512248,,,,,,,,,,,,,,,,,,,,,,,,316338,
[10797],INTRAPLATE VOLCANICS,EUROPEAN OROGENIC BELT - PRE-VARISCAN / CZECH REPUBLIC / SUDETES,"EAST KRKONOSE COMPLEX, CENTRAL WEST SUDETES",50.75,50.75,15.55,15.55,SUBAERIAL,,,s EK-102 [10797],RHYOLITE [10797],494000000 [10797],505000000 [10797],,CAMBRIAN [10797],,,,,VOLCANIC ROCK,,,,,WHOLE_ROCK [10797] ,356746.392,719.208,,61340.1909,,8322.859999999999,2254.1699999999996,,2215.57,5005.231999999999,154.8916,,52133.420000000006,9273.2125,174.5684,9900.,,,,1800.,,,,,,,,,,,,,,,,,,,,,,,,,,,,,,,,,,,,,,,,,5,,,,43,10,,,,,,,,197,47,30,153,4.1,,,,,,,,,,,,,1265,25.95,60.26,,28.2,5.92,0.38,4.46,0.8,,1.18,,0.6,4.06,0.56,4.13,0.98,,,,,,,,,,,13.53,,0.512162,,,,,,,,,,,,,,,,,,,,,,,,316339,
[10797],INTRAPLATE VOLCANICS,EUROPEAN OROGENIC BELT - PRE-VARISCAN / CZECH REPUBLIC / SUDETES,"EAST KRKONOSE COMPLEX, CENTRAL WEST SUDETES",50.75,50.75,15.55,15.55,SUBAERIAL,,,s EK-103 [10797],RHYOLITE [10797],494000000 [10797],505000000 [10797],,CAMBRIAN [10797],,,,,VOLCANIC ROCK,,,,,WHOLE_ROCK [10797] ,358943.33650000003,479.472,,66526.85070000001,,9022.26,2565.09,,5574.66,14050.832,154.8916,,8633.56,12834.1261,43.6421,27000.,,,,,,,,,,,,,,,,,,,,,,,,,,,,,,,,,,,,,,,,,,,,,2,59,,,76,8,,,,,,,,45,99,52,91,7,,,,,,,,,,,,,682,22.3,56.8,,41.8,9.28,0.3,3.46,0.65,,0.86,,0.43,2.97,0.4,,,,,,,,,,,,,16,,0.512214,,,,,,,,,,,,,,,,,,,,,,,,316340,
[12830],INTRAPLATE VOLCANICS,EUROPEAN OROGENIC BELT - PRE-VARISCAN / IBERIAN PENINSULA / OSSA MORENA ZONE,,38,39,-6,-8,SUBAERIAL,,,s RL-19 [12830],MIGMATITE [12830],340000000 [12830],340000000 [12830],,CARBONIFEROUS [12830],,,,,METAMORPHIC ROCK,,,,,WHOLE_ROCK [12830] ,,,,,,,,,,,,,,,,,,,,,,,,,,,,,,,,,,,,,,,,,,,,,,,,,,,,,,,,,,,,,,,,,,,,,,,,,,,,,,,,,,,,,,,,,,,,,,,2.24,0.44,,,,,,,,,,,,,,,,,,,,,,,,0.512199,,,,,,,,,,,,,,,,,,,,,,,,380760,
[12830],INTRAPLATE VOLCANICS,EUROPEAN OROGENIC BELT - PRE-VARISCAN / IBERIAN PENINSULA / OSSA MORENA ZONE,,38,39,-6,-8,SUBAERIAL,,,s RL-20 [12830],MIGMATITE [12830],340000000 [12830],340000000 [12830],,CARBONIFEROUS [12830],,,,,METAMORPHIC ROCK,,,,,WHOLE_ROCK [12830] ,,,,,,,,,,,,,,,,,,,,,,,,,,,,,,,,,,,,,,,,,,,,,,,,,,,,,,,,,,,,,,,,,,,,,,,,,,,,,,,,,,,,,,,,,,,,,,,10.7,2.43,,,,,,,,,,,,,,,,,,,,,,,,0.512194,,,,,,,,,,,,,,,,,,,,,,,,380761,
[12830],INTRAPLATE VOLCANICS,EUROPEAN OROGENIC BELT - PRE-VARISCAN / IBERIAN PENINSULA / OSSA MORENA ZONE,,38,39,-6,-8,SUBAERIAL,,,s RL-60 [12830],NOT GIVEN [12830],489000000 [12830],489000000 [12830],,CAMBRIAN [12830],,,,,VOLCANIC ROCK,,,,,WHOLE_ROCK [12830] ,,,,,,,,,,,,,,,,,,,,,,,,,,,,,,,,,,,,,,,,,,,,,,,,,,,,,,,,,,,,,,,,,,,,,,,,,,,,,,,,,,,,,,,,,,,,,,,99.5,18,,,,,,,,,,,,,,,,,,,,,,,,0.512277,,,,,,,,,,,,,,,,,,,,,,,,380762,
[12830],INTRAPLATE VOLCANICS,EUROPEAN OROGENIC BELT - PRE-VARISCAN / IBERIAN PENINSULA / OSSA MORENA ZONE,,38,39,-6,-8,SUBAERIAL,,,s RL-10 [12830],GRANODIORITE [12830],530000000 [12830],530000000 [12830],,CAMBRIAN [12830],,,,,PLUTONIC ROCK,,,,,WHOLE_ROCK [12830] ,,,,,,,,,,,,,,,,,,,,,,,,,,,,,,,,,,,,,,,,,,,,,,,,,,,,,,,,,,,,,,,,,,,,,,,,,,,,,,,,,,,,,,,,,,,,,,,33.1,6.31,,,,,,,,,,,,,,,,,,,,,,,,0.512192,,,,,,,,,,,,,,,,,,,,,,,,380763,
[12830],INTRAPLATE VOLCANICS,EUROPEAN OROGENIC BELT - PRE-VARISCAN / IBERIAN PENINSULA / OSSA MORENA ZONE / MALCOCINADO FORMATION,,38,39,-6,-8,SUBAERIAL,,,s RL-1 [12830],DIORITE [12830],550000000 [12830],550000000 [12830],NEO [12830],PROTEROZOIC [12830],,,,,PLUTONIC ROCK,,,,,WHOLE_ROCK [12830] ,,,,,,,,,,,,,,,,,,,,,,,,,,,,,,,,,,,,,,,,,,,,,,,,,,,,,,,,,,,,,,,,,,,,,,,,,,,,,,,,,,,,,,,,,,,,,,,17,3.03,,,,,,,,,,,,,,,,,,,,,,,,0.51231,,,,,,,,,,,,,,,,,,,,,,,,380764,
[12830],INTRAPLATE VOLCANICS,EUROPEAN OROGENIC BELT - PRE-VARISCAN / IBERIAN PENINSULA / OSSA MORENA ZONE / MALCOCINADO FORMATION,,38,39,-6,-8,SUBAERIAL,,,s RL-2 [12830],NOT GIVEN [12830],550000000 [12830],550000000 [12830],NEO [12830],PROTEROZOIC [12830],,,,,PLUTONIC ROCK,,,,,WHOLE_ROCK [12830] ,,,,,,,,,,,,,,,,,,,,,,,,,,,,,,,,,,,,,,,,,,,,,,,,,,,,,,,,,,,,,,,,,,,,,,,,,,,,,,,,,,,,,,,,,,,,,,,15.5,4.15,,,,,,,,,,,,,,,,,,,,,,,,0.512798,,,,,,,,,,,,,,,,,,,,,,,,380765,
[12830],INTRAPLATE VOLCANICS,EUROPEAN OROGENIC BELT - PRE-VARISCAN / IBERIAN PENINSULA / OSSA MORENA ZONE / MALCOCINADO FORMATION,,38,39,-6,-8,SUBAERIAL,,,s RL-63 [12830],GRANODIORITE [12830],550000000 [12830],550000000 [12830],NEO [12830],PROTEROZOIC [12830],,,,,PLUTONIC ROCK,,,,,WHOLE_ROCK [12830] ,,,,,,,,,,,,,,,,,,,,,,,,,,,,,,,,,,,,,,,,,,,,,,,,,,,,,,,,,,,,,,,,,,,,,,,,,,,,,,,,,,,,,,,,,,,,,,,15.6,3.06,,,,,,,,,,,,,,,,,,,,,,,,0.512334,,,,,,,,,,,,,,,,,,,,,,,,380766,
[12830],INTRAPLATE VOLCANICS,EUROPEAN OROGENIC BELT - PRE-VARISCAN / IBERIAN PENINSULA / OSSA MORENA ZONE / XISTOS RAIADOS FORMATION,,38,39,-6,-8,SUBAERIAL,,,s RL-17 [12830],SHALE [12830],380000000 [12830],380000000 [12830],,DEVONIAN [12830],,,,,SEDIMENTARY ROCK,,,,,WHOLE_ROCK [12830] ,,,,,,,,,,,,,,,,,,,,,,,,,,,,,,,,,,,,,,,,,,,,,,,,,,,,,,,,,,,,,,,,,,,,,,,,,,,,,,,,,,,,,,,,,,,,,,,39,7.39,,,,,,,,,,,,,,,,,,,,,,,,0.51197,,,,,,,,,,,,,,,,,,,,,,,,380767,
[12830],INTRAPLATE VOLCANICS,EUROPEAN OROGENIC BELT - PRE-VARISCAN / IBERIAN PENINSULA / OSSA MORENA ZONE / TERENA FORMATION,,38,39,-6,-8,SUBAERIAL,,,s RL-44 [12830],CONGLOMERATE [12830],390000000 [12830],390000000 [12830],,DEVONIAN [12830],,,,,SEDIMENTARY ROCK,,,,,WHOLE_ROCK [12830] ,,,,,,,,,,,,,,,,,,,,,,,,,,,,,,,,,,,,,,,,,,,,,,,,,,,,,,,,,,,,,,,,,,,,,,,,,,,,,,,,,,,,,,,,,,,,,,,21.8,4.51,,,,,,,,,,,,,,,,,,,,,,,,0.51209,,,,,,,,,,,,,,,,,,,,,,,,380768,
[12830],INTRAPLATE VOLCANICS,EUROPEAN OROGENIC BELT - PRE-VARISCAN / IBERIAN PENINSULA / OSSA MORENA ZONE / TERENA FORMATION,,38,39,-6,-8,SUBAERIAL,,,s RL-48 [12830],SHALE [12830],390000000 [12830],390000000 [12830],,DEVONIAN [12830],,,,,SEDIMENTARY ROCK,,,,,WHOLE_ROCK [12830] ,,,,,,,,,,,,,,,,,,,,,,,,,,,,,,,,,,,,,,,,,,,,,,,,,,,,,,,,,,,,,,,,,,,,,,,,,,,,,,,,,,,,,,,,,,,,,,,36,6.87,,,,,,,,,,,,,,,,,,,,,,,,0.511993,,,,,,,,,,,,,,,,,,,,,,,,380769,
[12830],INTRAPLATE VOLCANICS,EUROPEAN OROGENIC BELT - PRE-VARISCAN / IBERIAN PENINSULA / OSSA MORENA ZONE / XISTOS RAIADOS FORMATION,,38,39,-6,-8,SUBAERIAL,,,s RL-43 [12830],SHALE [12830],415000000 [12830],415000000 [12830],,DEVONIAN [12830],,,,,SEDIMENTARY ROCK,,,,,WHOLE_ROCK [12830] ,,,,,,,,,,,,,,,,,,,,,,,,,,,,,,,,,,,,,,,,,,,,,,,,,,,,,,,,,,,,,,,,,,,,,,,,,,,,,,,,,,,,,,,,,,,,,,,66.6,13.1,,,,,,,,,,,,,,,,,,,,,,,,0.511894,,,,,,,,,,,,,,,,,,,,,,,,380770,
[12830],INTRAPLATE VOLCANICS,EUROPEAN OROGENIC BELT - PRE-VARISCAN / IBERIAN PENINSULA / OSSA MORENA ZONE,,38,39,-6,-8,SUBAERIAL,,,s RL-47 [12830],SHALE [12830],430000000 [12830],430000000 [12830],,SILURIAN [12830],,,,,SEDIMENTARY ROCK,,,,,WHOLE_ROCK [12830] ,,,,,,,,,,,,,,,,,,,,,,,,,,,,,,,,,,,,,,,,,,,,,,,,,,,,,,,,,,,,,,,,,,,,,,,,,,,,,,,,,,,,,,,,,,,,,,,52.6,9.54,,,,,,,,,,,,,,,,,,,,,,,,0.511872,,,,,,,,,,,,,,,,,,,,,,,,380771,
[12830],INTRAPLATE VOLCANICS,EUROPEAN OROGENIC BELT - PRE-VARISCAN / IBERIAN PENINSULA / OSSA MORENA ZONE / BARRANCOS FORMATION,,38,39,-6,-8,SUBAERIAL,,,s RL-45 [12830],SHALE [12830],470000000 [12830],470000000 [12830],,ORDOVICIAN [12830],,,,,SEDIMENTARY ROCK,,,,,WHOLE_ROCK [12830] ,,,,,,,,,,,,,,,,,,,,,,,,,,,,,,,,,,,,,,,,,,,,,,,,,,,,,,,,,,,,,,,,,,,,,,,,,,,,,,,,,,,,,,,,,,,,,,,46.7,9.02,,,,,,,,,,,,,,,,,,,,,,,,0.511985,,,,,,,,,,,,,,,,,,,,,,,,380772,
[12830],INTRAPLATE VOLCANICS,EUROPEAN OROGENIC BELT - PRE-VARISCAN / IBERIAN PENINSULA / OSSA MORENA ZONE / BARRANCOS FORMATION,,38,39,-6,-8,SUBAERIAL,,,s RL-42 [12830],SHALE [12830],480000000 [12830],480000000 [12830],,ORDOVICIAN [12830],,,,,SEDIMENTARY ROCK,,,,,WHOLE_ROCK [12830] ,,,,,,,,,,,,,,,,,,,,,,,,,,,,,,,,,,,,,,,,,,,,,,,,,,,,,,,,,,,,,,,,,,,,,,,,,,,,,,,,,,,,,,,,,,,,,,,53.8,10.5,,,,,,,,,,,,,,,,,,,,,,,,0.511883,,,,,,,,,,,,,,,,,,,,,,,,380773,
[12830],INTRAPLATE VOLCANICS,EUROPEAN OROGENIC BELT - PRE-VARISCAN / IBERIAN PENINSULA / OSSA MORENA ZONE / VENTA DEL CIERVO QUARTZITE,,38,39,-6,-8,SUBAERIAL,,,s RL-41 [12830],QUARTZITE [12830],489000000 [12830],489000000 [12830],,CAMBRIAN [12830],,,,,METAMORPHIC ROCK,,,,,WHOLE_ROCK [12830] ,,,,,,,,,,,,,,,,,,,,,,,,,,,,,,,,,,,,,,,,,,,,,,,,,,,,,,,,,,,,,,,,,,,,,,,,,,,,,,,,,,,,,,,,,,,,,,,7.27,1.57,,,,,,,,,,,,,,,,,,,,,,,,0.512233,,,,,,,,,,,,,,,,,,,,,,,,380774,
[12830],INTRAPLATE VOLCANICS,EUROPEAN OROGENIC BELT - PRE-VARISCAN / IBERIAN PENINSULA / OSSA MORENA ZONE / PLAYON BEDS,,38,39,-6,-8,SUBAERIAL,,,s RL-26 [12830],SHALE [12830],510000000 [12830],510000000 [12830],,CAMBRIAN [12830],,,,,SEDIMENTARY ROCK,,,,,WHOLE_ROCK [12830] ,,,,,,,,,,,,,,,,,,,,,,,,,,,,,,,,,,,,,,,,,,,,,,,,,,,,,,,,,,,,,,,,,,,,,,,,,,,,,,,,,,,,,,,,,,,,,,,44.9,8.3,,,,,,,,,,,,,,,,,,,,,,,,0.511897,,,,,,,,,,,,,,,,,,,,,,,,380775,
[12830],INTRAPLATE VOLCANICS,EUROPEAN OROGENIC BELT - PRE-VARISCAN / IBERIAN PENINSULA / OSSA MORENA ZONE / CASTELLAR FORMATION,,38,39,-6,-8,SUBAERIAL,,,s RL-25 [12830],QUARTZITE [12830],520000000 [12830],520000000 [12830],,CAMBRIAN [12830],,,,,METAMORPHIC ROCK,,,,,WHOLE_ROCK [12830] ,,,,,,,,,,,,,,,,,,,,,,,,,,,,,,,,,,,,,,,,,,,,,,,,,,,,,,,,,,,,,,,,,,,,,,,,,,,,,,,,,,,,,,,,,,,,,,,5.12,0.78,,,,,,,,,,,,,,,,,,,,,,,,0.512145,,,,,,,,,,,,,,,,,,,,,,,,380776,
[12830],INTRAPLATE VOLCANICS,EUROPEAN OROGENIC BELT - PRE-VARISCAN / IBERIAN PENINSULA / OSSA MORENA ZONE / TORREARBOLES FORMATION,,38,39,-6,-8,SUBAERIAL,,,s RL-27 [12830],CONGLOMERATE [12830],530000000 [12830],530000000 [12830],,CAMBRIAN [12830],,,,,SEDIMENTARY ROCK,,,,,WHOLE_ROCK [12830] ,,,,,,,,,,,,,,,,,,,,,,,,,,,,,,,,,,,,,,,,,,,,,,,,,,,,,,,,,,,,,,,,,,,,,,,,,,,,,,,,,,,,,,,,,,,,,,,32.3,6.36,,,,,,,,,,,,,,,,,,,,,,,,0.51219,,,,,,,,,,,,,,,,,,,,,,,,380777,
[12830],INTRAPLATE VOLCANICS,EUROPEAN OROGENIC BELT - PRE-VARISCAN / IBERIAN PENINSULA / OSSA MORENA ZONE / TORREARBOLES FORMATION,,38,39,-6,-8,SUBAERIAL,,,s RL-28 [12830],SHALE [12830],530000000 [12830],530000000 [12830],,CAMBRIAN [12830],,,,,SEDIMENTARY ROCK,,,,,WHOLE_ROCK [12830] ,,,,,,,,,,,,,,,,,,,,,,,,,,,,,,,,,,,,,,,,,,,,,,,,,,,,,,,,,,,,,,,,,,,,,,,,,,,,,,,,,,,,,,,,,,,,,,,68.1,14.8,,,,,,,,,,,,,,,,,,,,,,,,0.512142,,,,,,,,,,,,,,,,,,,,,,,,380778,
[12830],INTRAPLATE VOLCANICS,EUROPEAN OROGENIC BELT - PRE-VARISCAN / IBERIAN PENINSULA / OSSA MORENA ZONE / MALCOCINADO FORMATION,,38,39,-6,-8,SUBAERIAL,,,s RL-14 [12830],SHALE [12830],550000000 [12830],550000000 [12830],NEO [12830],PROTEROZOIC [12830],,,,,SEDIMENTARY ROCK,,,,,WHOLE_ROCK [12830] ,,,,,,,,,,,,,,,,,,,,,,,,,,,,,,,,,,,,,,,,,,,,,,,,,,,,,,,,,,,,,,,,,,,,,,,,,,,,,,,,,,,,,,,,,,,,,,,28.3,7.29,,,,,,,,,,,,,,,,,,,,,,,,0.512598,,,,,,,,,,,,,,,,,,,,,,,,380779,
[12830],INTRAPLATE VOLCANICS,EUROPEAN OROGENIC BELT - PRE-VARISCAN / IBERIAN PENINSULA / OSSA MORENA ZONE / MALCOCINADO FORMATION,,38,39,-6,-8,SUBAERIAL,,,s RL-15 [12830],SHALE [12830],550000000 [12830],550000000 [12830],NEO [12830],PROTEROZOIC [12830],,,,,SEDIMENTARY ROCK,,,,,WHOLE_ROCK [12830] ,,,,,,,,,,,,,,,,,,,,,,,,,,,,,,,,,,,,,,,,,,,,,,,,,,,,,,,,,,,,,,,,,,,,,,,,,,,,,,,,,,,,,,,,,,,,,,,35.3,7.02,,,,,,,,,,,,,,,,,,,,,,,,0.512207,,,,,,,,,,,,,,,,,,,,,,,,380780,
[12830],INTRAPLATE VOLCANICS,EUROPEAN OROGENIC BELT - PRE-VARISCAN / IBERIAN PENINSULA / OSSA MORENA ZONE / MALCOCINADO FORMATION,,38,39,-6,-8,SUBAERIAL,,,s RL-24 [12830],GREYWACKE [12830],550000000 [12830],550000000 [12830],NEO [12830],PROTEROZOIC [12830],,,,,SEDIMENTARY ROCK,,,,,WHOLE_ROCK [12830] ,,,,,,,,,,,,,,,,,,,,,,,,,,,,,,,,,,,,,,,,,,,,,,,,,,,,,,,,,,,,,,,,,,,,,,,,,,,,,,,,,,,,,,,,,,,,,,,25.5,5.2,,,,,,,,,,,,,,,,,,,,,,,,0.512161,,,,,,,,,,,,,,,,,,,,,,,,380781,
[12830],INTRAPLATE VOLCANICS,EUROPEAN OROGENIC BELT - PRE-VARISCAN / IBERIAN PENINSULA / OSSA MORENA ZONE / TENTUDIA FORMATION,,38,39,-6,-8,SUBAERIAL,,,s RL-23 [12830],GREYWACKE [12830],560000000 [12830],560000000 [12830],NEO [12830],PROTEROZOIC [12830],,,,,SEDIMENTARY ROCK,,,,,WHOLE_ROCK [12830] ,,,,,,,,,,,,,,,,,,,,,,,,,,,,,,,,,,,,,,,,,,,,,,,,,,,,,,,,,,,,,,,,,,,,,,,,,,,,,,,,,,,,,,,,,,,,,,,30.7,5.67,,,,,,,,,,,,,,,,,,,,,,,,0.511739,,,,,,,,,,,,,,,,,,,,,,,,380782,
[12830],INTRAPLATE VOLCANICS,EUROPEAN OROGENIC BELT - PRE-VARISCAN / IBERIAN PENINSULA / OSSA MORENA ZONE / TENTUDIA FORMATION,,38,39,-6,-8,SUBAERIAL,,,s RL-11 [12830],SHALE [12830],570000000 [12830],570000000 [12830],NEO [12830],PROTEROZOIC [12830],,,,,SEDIMENTARY ROCK,,,,,WHOLE_ROCK [12830] ,,,,,,,,,,,,,,,,,,,,,,,,,,,,,,,,,,,,,,,,,,,,,,,,,,,,,,,,,,,,,,,,,,,,,,,,,,,,,,,,,,,,,,,,,,,,,,,37.6,7.33,,,,,,,,,,,,,,,,,,,,,,,,0.511912,,,,,,,,,,,,,,,,,,,,,,,,380783,
[12830],INTRAPLATE VOLCANICS,EUROPEAN OROGENIC BELT - PRE-VARISCAN / IBERIAN PENINSULA / OSSA MORENA ZONE / MONTEMOLIN FORMATION,,38,39,-6,-8,SUBAERIAL,,,s RL-13 [12830],SHALE [12830],570000000 [12830],570000000 [12830],NEO [12830],PROTEROZOIC [12830],,,,,SEDIMENTARY ROCK,,,,,WHOLE_ROCK [12830] ,,,,,,,,,,,,,,,,,,,,,,,,,,,,,,,,,,,,,,,,,,,,,,,,,,,,,,,,,,,,,,,,,,,,,,,,,,,,,,,,,,,,,,,,,,,,,,,40.3,7.77,,,,,,,,,,,,,,,,,,,,,,,,0.511926,,,,,,,,,,,,,,,,,,,,,,,,380784,
[12830],INTRAPLATE VOLCANICS,EUROPEAN OROGENIC BELT - PRE-VARISCAN / IBERIAN PENINSULA / OSSA MORENA ZONE / MONTEMOLIN FORMATION,,38,39,-6,-8,SUBAERIAL,,,s RL-22 [12830],GREYWACKE [12830],570000000 [12830],570000000 [12830],NEO [12830],PROTEROZOIC [12830],,,,,SEDIMENTARY ROCK,,,,,WHOLE_ROCK [12830] ,,,,,,,,,,,,,,,,,,,,,,,,,,,,,,,,,,,,,,,,,,,,,,,,,,,,,,,,,,,,,,,,,,,,,,,,,,,,,,,,,,,,,,,,,,,,,,,29.5,5.23,,,,,,,,,,,,,,,,,,,,,,,,0.511741,,,,,,,,,,,,,,,,,,,,,,,,380785,
[12830],INTRAPLATE VOLCANICS,EUROPEAN OROGENIC BELT - PRE-VARISCAN / IBERIAN PENINSULA / BADAJOZ-CORDOBA SHEAR ZONE / AZUAGA FORMATION,,38,39,-6,-7,SUBAERIAL,,,s RL-29 [12830],QUARTZITE [12830],560000000 [12830],560000000 [12830],NEO [12830],PROTEROZOIC [12830],,,,,METAMORPHIC ROCK,,,,,WHOLE_ROCK [12830] ,,,,,,,,,,,,,,,,,,,,,,,,,,,,,,,,,,,,,,,,,,,,,,,,,,,,,,,,,,,,,,,,,,,,,,,,,,,,,,,,,,,,,,,,,,,,,,,38.2,8.02,,,,,,,,,,,,,,,,,,,,,,,,0.511926,,,,,,,,,,,,,,,,,,,,,,,,380786,
[12830],INTRAPLATE VOLCANICS,EUROPEAN OROGENIC BELT - PRE-VARISCAN / IBERIAN PENINSULA / BADAJOZ-CORDOBA SHEAR ZONE / AZUAGA FORMATION,,38,39,-6,-7,SUBAERIAL,,,s RL-30 [12830],SHALE [12830],560000000 [12830],560000000 [12830],NEO [12830],PROTEROZOIC [12830],,,,,SEDIMENTARY ROCK,,,,,WHOLE_ROCK [12830] ,,,,,,,,,,,,,,,,,,,,,,,,,,,,,,,,,,,,,,,,,,,,,,,,,,,,,,,,,,,,,,,,,,,,,,,,,,,,,,,,,,,,,,,,,,,,,,,32.9,6.06,,,,,,,,,,,,,,,,,,,,,,,,0.511926,,,,,,,,,,,,,,,,,,,,,,,,380787,
[12830],INTRAPLATE VOLCANICS,EUROPEAN OROGENIC BELT - PRE-VARISCAN / IBERIAN PENINSULA / BADAJOZ-CORDOBA SHEAR ZONE / SIERRA ALBARRANA GROUP,,38,39,-6,-7,SUBAERIAL,,,s RL-31 [12830],QUARTZITE [12830],570000000 [12830],570000000 [12830],NEO [12830],PROTEROZOIC [12830],,,,,METAMORPHIC ROCK,,,,,WHOLE_ROCK [12830] ,,,,,,,,,,,,,,,,,,,,,,,,,,,,,,,,,,,,,,,,,,,,,,,,,,,,,,,,,,,,,,,,,,,,,,,,,,,,,,,,,,,,,,,,,,,,,,,11.4,1.99,,,,,,,,,,,,,,,,,,,,,,,,0.511817,,,,,,,,,,,,,,,,,,,,,,,,380788,
[12830],INTRAPLATE VOLCANICS,EUROPEAN OROGENIC BELT - PRE-VARISCAN / IBERIAN PENINSULA / BADAJOZ-CORDOBA SHEAR ZONE / SIERRA ALBARRANA GROUP,,38,39,-6,-7,SUBAERIAL,,,s RL-32 [12830],MICASCHIST [12830],570000000 [12830],570000000 [12830],NEO [12830],PROTEROZOIC [12830],,,,,METAMORPHIC ROCK,,,,,WHOLE_ROCK [12830] ,,,,,,,,,,,,,,,,,,,,,,,,,,,,,,,,,,,,,,,,,,,,,,,,,,,,,,,,,,,,,,,,,,,,,,,,,,,,,,,,,,,,,,,,,,,,,,,43.6,8.25,,,,,,,,,,,,,,,,,,,,,,,,0.511916,,,,,,,,,,,,,,,,,,,,,,,,380789,
[12830],INTRAPLATE VOLCANICS,EUROPEAN OROGENIC BELT - PRE-VARISCAN / IBERIAN PENINSULA / BADAJOZ-CORDOBA SHEAR ZONE / SIERRA ALBARRANA GROUP,,38,39,-6,-7,SUBAERIAL,,,s RL-66 [12830],QUARTZITE [12830],570000000 [12830],570000000 [12830],NEO [12830],PROTEROZOIC [12830],,,,,METAMORPHIC ROCK,,,,,WHOLE_ROCK [12830] ,,,,,,,,,,,,,,,,,,,,,,,,,,,,,,,,,,,,,,,,,,,,,,,,,,,,,,,,,,,,,,,,,,,,,,,,,,,,,,,,,,,,,,,,,,,,,,,8.16,1.48,,,,,,,,,,,,,,,,,,,,,,,,0.511828,,,,,,,,,,,,,,,,,,,,,,,,380790,
[12830],INTRAPLATE VOLCANICS,EUROPEAN OROGENIC BELT - PRE-VARISCAN / IBERIAN PENINSULA / SPAIN / FRAILESCA ROCK,,36,39,-6,-8,SUBAERIAL,,,s RL-39 [12830],NOT GIVEN [12830],416000000 [12830],416000000 [12830],,DEVONIAN [12830],,,,,VOLCANIC ROCK,,,,,WHOLE_ROCK [12830] ,,,,,,,,,,,,,,,,,,,,,,,,,,,,,,,,,,,,,,,,,,,,,,,,,,,,,,,,,,,,,,,,,,,,,,,,,,,,,,,,,,,,,,,,,,,,,,,40.3,7.51,,,,,,,,,,,,,,,,,,,,,,,,0.512232,,,,,,,,,,,,,,,,,,,,,,,,380791,
[12830],INTRAPLATE VOLCANICS,EUROPEAN OROGENIC BELT - PRE-VARISCAN / IBERIAN PENINSULA / SPAIN / FRAILESCA ROCK,,36,39,-6,-8,SUBAERIAL,,,s RL-39^ [12830],NOT GIVEN [12830],416000000 [12830],416000000 [12830],,DEVONIAN [12830],,,,,VOLCANIC ROCK,,,,,WHOLE_ROCK [12830] ,,,,,,,,,,,,,,,,,,,,,,,,,,,,,,,,,,,,,,,,,,,,,,,,,,,,,,,,,,,,,,,,,,,,,,,,,,,,,,,,,,,,,,,,,,,,,,,50.7,9.89,,,,,,,,,,,,,,,,,,,,,,,,0.512417,,,,,,,,,,,,,,,,,,,,,,,,380792,
[12830],INTRAPLATE VOLCANICS,EUROPEAN OROGENIC BELT - PRE-VARISCAN / IBERIAN PENINSULA / SPAIN / FRAILESCA ROCK,,36,39,-6,-8,SUBAERIAL,,,s RL-73 [12830],NOT GIVEN [12830],416000000 [12830],416000000 [12830],,DEVONIAN [12830],,,,,VOLCANIC ROCK,,,,,WHOLE_ROCK [12830] ,,,,,,,,,,,,,,,,,,,,,,,,,,,,,,,,,,,,,,,,,,,,,,,,,,,,,,,,,,,,,,,,,,,,,,,,,,,,,,,,,,,,,,,,,,,,,,,43.9,8.19,,,,,,,,,,,,,,,,,,,,,,,,0.512652,,,,,,,,,,,,,,,,,,,,,,,,380793,
[12830],INTRAPLATE VOLCANICS,EUROPEAN OROGENIC BELT - PRE-VARISCAN / IBERIAN PENINSULA / SPAIN,,36,39,-6,-8,SUBAERIAL,,,s RL-36 [12830],QUARTZITE [12830],400000000 [12830],400000000 [12830],,DEVONIAN [12830],,,,,METAMORPHIC ROCK,,,,,WHOLE_ROCK [12830] ,,,,,,,,,,,,,,,,,,,,,,,,,,,,,,,,,,,,,,,,,,,,,,,,,,,,,,,,,,,,,,,,,,,,,,,,,,,,,,,,,,,,,,,,,,,,,,,21.8,4.02,,,,,,,,,,,,,,,,,,,,,,,,0.511845,,,,,,,,,,,,,,,,,,,,,,,,380794,
[12830],INTRAPLATE VOLCANICS,EUROPEAN OROGENIC BELT - PRE-VARISCAN / IBERIAN PENINSULA / SPAIN,,36,39,-6,-8,SUBAERIAL,,,s RL-40 [12830],SHALE [12830],430000000 [12830],430000000 [12830],,SILURIAN [12830],,,,,SEDIMENTARY ROCK,,,,,WHOLE_ROCK [12830] ,,,,,,,,,,,,,,,,,,,,,,,,,,,,,,,,,,,,,,,,,,,,,,,,,,,,,,,,,,,,,,,,,,,,,,,,,,,,,,,,,,,,,,,,,,,,,,,51.8,9.6,,,,,,,,,,,,,,,,,,,,,,,,0.511879,,,,,,,,,,,,,,,,,,,,,,,,380795,
[12830],INTRAPLATE VOLCANICS,EUROPEAN OROGENIC BELT - PRE-VARISCAN / IBERIAN PENINSULA / SPAIN / ARMORIAN QUARTZITE,,36,39,-6,-8,SUBAERIAL,,,s RL-34 [12830],QUARTZITE [12830],470000000 [12830],470000000 [12830],,ORDOVICIAN [12830],,,,,METAMORPHIC ROCK,,,,,WHOLE_ROCK [12830] ,,,,,,,,,,,,,,,,,,,,,,,,,,,,,,,,,,,,,,,,,,,,,,,,,,,,,,,,,,,,,,,,,,,,,,,,,,,,,,,,,,,,,,,,,,,,,,,7.1,1.35,,,,,,,,,,,,,,,,,,,,,,,,0.511902,,,,,,,,,,,,,,,,,,,,,,,,380796,
[12830],INTRAPLATE VOLCANICS,EUROPEAN OROGENIC BELT - PRE-VARISCAN / IBERIAN PENINSULA / SPAIN / ARMORIAN QUARTZITE,,36,39,-6,-8,SUBAERIAL,,,s RL-35 [12830],SHALE [12830],470000000 [12830],470000000 [12830],,ORDOVICIAN [12830],,,,,SEDIMENTARY ROCK,,,,,WHOLE_ROCK [12830] ,,,,,,,,,,,,,,,,,,,,,,,,,,,,,,,,,,,,,,,,,,,,,,,,,,,,,,,,,,,,,,,,,,,,,,,,,,,,,,,,,,,,,,,,,,,,,,,74.9,15.3,,,,,,,,,,,,,,,,,,,,,,,,0.511913,,,,,,,,,,,,,,,,,,,,,,,,380797,
[12830],INTRAPLATE VOLCANICS,EUROPEAN OROGENIC BELT - PRE-VARISCAN / IBERIAN PENINSULA / SPAIN / ARMORIAN QUARTZITE,,36,39,-6,-8,SUBAERIAL,,,s RL-69 [12830],SHALE [12830],470000000 [12830],470000000 [12830],,ORDOVICIAN [12830],,,,,SEDIMENTARY ROCK,,,,,WHOLE_ROCK [12830] ,,,,,,,,,,,,,,,,,,,,,,,,,,,,,,,,,,,,,,,,,,,,,,,,,,,,,,,,,,,,,,,,,,,,,,,,,,,,,,,,,,,,,,,,,,,,,,,80.9,15.6,,,,,,,,,,,,,,,,,,,,,,,,0.511861,,,,,,,,,,,,,,,,,,,,,,,,380798,
[12830],INTRAPLATE VOLCANICS,EUROPEAN OROGENIC BELT - PRE-VARISCAN / IBERIAN PENINSULA / SPAIN / AZOREJO FORMATION,,36,39,-6,-8,SUBAERIAL,,,s RL-75 [12830],NOT GIVEN [12830],530000000 [12830],530000000 [12830],,CAMBRIAN [12830],,,,,SEDIMENTARY ROCK,,,,,WHOLE_ROCK [12830] ,,,,,,,,,,,,,,,,,,,,,,,,,,,,,,,,,,,,,,,,,,,,,,,,,,,,,,,,,,,,,,,,,,,,,,,,,,,,,,,,,,,,,,,,,,,,,,,31.9,6.46,,,,,,,,,,,,,,,,,,,,,,,,0.512056,,,,,,,,,,,,,,,,,,,,,,,,380799,
[12830],INTRAPLATE VOLCANICS,EUROPEAN OROGENIC BELT - PRE-VARISCAN / IBERIAN PENINSULA / SPAIN / AZOREJO FORMATION,,36,39,-6,-8,SUBAERIAL,,,s RL-76 [12830],SANDSTONE [12830],530000000 [12830],530000000 [12830],,CAMBRIAN [12830],,,,,SEDIMENTARY ROCK,,,,,WHOLE_ROCK [12830] ,,,,,,,,,,,,,,,,,,,,,,,,,,,,,,,,,,,,,,,,,,,,,,,,,,,,,,,,,,,,,,,,,,,,,,,,,,,,,,,,,,,,,,,,,,,,,,,14.7,2.72,,,,,,,,,,,,,,,,,,,,,,,,0.512025,,,,,,,,,,,,,,,,,,,,,,,,380800,
[12830],INTRAPLATE VOLCANICS,EUROPEAN OROGENIC BELT - PRE-VARISCAN / IBERIAN PENINSULA / SPAIN / UPPER SCHIST AND GRAYWACKE COMPLEX,,36,39,-6,-8,SUBAERIAL,,,s RL-77 [12830],GREYWACKE [12830],545000000 [12830],545000000 [12830],NEO [12830],PROTEROZOIC [12830],,,,,SEDIMENTARY ROCK,,,,,WHOLE_ROCK [12830] ,,,,,,,,,,,,,,,,,,,,,,,,,,,,,,,,,,,,,,,,,,,,,,,,,,,,,,,,,,,,,,,,,,,,,,,,,,,,,,,,,,,,,,,,,,,,,,,28.5,6.55,,,,,,,,,,,,,,,,,,,,,,,,0.51229,,,,,,,,,,,,,,,,,,,,,,,,380801,
[12830],INTRAPLATE VOLCANICS,EUROPEAN OROGENIC BELT - PRE-VARISCAN / IBERIAN PENINSULA / SPAIN / UPPER SCHIST AND GRAYWACKE COMPLEX,,36,39,-6,-8,SUBAERIAL,,,s RL-78 [12830],SHALE [12830],545000000 [12830],545000000 [12830],NEO [12830],PROTEROZOIC [12830],,,,,SEDIMENTARY ROCK,,,,,WHOLE_ROCK [12830] ,,,,,,,,,,,,,,,,,,,,,,,,,,,,,,,,,,,,,,,,,,,,,,,,,,,,,,,,,,,,,,,,,,,,,,,,,,,,,,,,,,,,,,,,,,,,,,,36.2,7.25,,,,,,,,,,,,,,,,,,,,,,,,0.512163,,,,,,,,,,,,,,,,,,,,,,,,380802,
[12830],INTRAPLATE VOLCANICS,EUROPEAN OROGENIC BELT - PRE-VARISCAN / IBERIAN PENINSULA / SPAIN / LOWER SCHIST AND GRAYWACKE COMPLEX,,36,39,-6,-8,SUBAERIAL,,,s RL-37 [12830],GREYWACKE [12830],550000000 [12830],550000000 [12830],NEO [12830],PROTEROZOIC [12830],,,,,SEDIMENTARY ROCK,,,,,WHOLE_ROCK [12830] ,,,,,,,,,,,,,,,,,,,,,,,,,,,,,,,,,,,,,,,,,,,,,,,,,,,,,,,,,,,,,,,,,,,,,,,,,,,,,,,,,,,,,,,,,,,,,,,39.5,7.61,,,,,,,,,,,,,,,,,,,,,,,,0.512118,,,,,,,,,,,,,,,,,,,,,,,,380803,
[12830],INTRAPLATE VOLCANICS,EUROPEAN OROGENIC BELT - PRE-VARISCAN / IBERIAN PENINSULA / SPAIN / LOWER SCHIST AND GRAYWACKE COMPLEX,,36,39,-6,-8,SUBAERIAL,,,s RL-38 [12830],SHALE [12830],550000000 [12830],550000000 [12830],NEO [12830],PROTEROZOIC [12830],,,,,SEDIMENTARY ROCK,,,,,WHOLE_ROCK [12830] ,,,,,,,,,,,,,,,,,,,,,,,,,,,,,,,,,,,,,,,,,,,,,,,,,,,,,,,,,,,,,,,,,,,,,,,,,,,,,,,,,,,,,,,,,,,,,,,37.8,8.1,,,,,,,,,,,,,,,,,,,,,,,,0.512185,,,,,,,,,,,,,,,,,,,,,,,,380804,
[12830],INTRAPLATE VOLCANICS,EUROPEAN OROGENIC BELT - PRE-VARISCAN / IBERIAN PENINSULA / SPAIN / LOWER SCHIST AND GRAYWACKE COMPLEX,,36,39,-6,-8,SUBAERIAL,,,s RL-70 [12830],SHALE [12830],550000000 [12830],550000000 [12830],NEO [12830],PROTEROZOIC [12830],,,,,SEDIMENTARY ROCK,,,,,WHOLE_ROCK [12830] ,,,,,,,,,,,,,,,,,,,,,,,,,,,,,,,,,,,,,,,,,,,,,,,,,,,,,,,,,,,,,,,,,,,,,,,,,,,,,,,,,,,,,,,,,,,,,,,41.6,8.34,,,,,,,,,,,,,,,,,,,,,,,,0.512222,,,,,,,,,,,,,,,,,,,,,,,,380805,
[12830],INTRAPLATE VOLCANICS,EUROPEAN OROGENIC BELT - PRE-VARISCAN / IBERIAN PENINSULA / SPAIN / LOWER SCHIST AND GRAYWACKE COMPLEX,,36,39,-6,-8,SUBAERIAL,,,s RL-71 [12830],GREYWACKE [12830],550000000 [12830],550000000 [12830],NEO [12830],PROTEROZOIC [12830],,,,,SEDIMENTARY ROCK,,,,,WHOLE_ROCK [12830] ,,,,,,,,,,,,,,,,,,,,,,,,,,,,,,,,,,,,,,,,,,,,,,,,,,,,,,,,,,,,,,,,,,,,,,,,,,,,,,,,,,,,,,,,,,,,,,,39.9,7.41,,,,,,,,,,,,,,,,,,,,,,,,0.512126,,,,,,,,,,,,,,,,,,,,,,,,380806,
[12829],INTRAPLATE VOLCANICS,EUROPEAN OROGENIC BELT - PRE-VARISCAN / IBERIAN PENINSULA / CANTABRIAN MOUNTAINS,"VIODO BEACH, PENAS CAPE",43.645,43.645,-5.8362,-5.8362,SUBAERIAL,,,s ORV-1 [12829],TRACHYBASALT [12829],,,UPPER [12829],ORDOVICIAN [12829],,,,,VOLCANIC ROCK,,,,,WHOLE_ROCK [12829] ,216983.32700000002,17740.464,,80552.0022,,,,89000.84999999999,50600.76,33709.935999999994,1394.0244,,19425.51,23739.424,2313.0313,,,,,,,,,,,,,,,,27200.000000000004,,,,,,,,,,,,,,,,,,,,,,,,,,,,,,335,113,,,53,56,4,129,23,,,,,40,657,24,259,51,,,,,,,,,,,,,779,40.47,82.68,10.4,44.22,7.87,2.62,8.11,1.07,6.06,1.19,3.1,0.4,2.48,0.34,6.52,1.93,,,,,,,,,7,,5.01,1,0.51244,,,,,,,,,,,,,,,,,,,,,,,,380819,
[12829],INTRAPLATE VOLCANICS,EUROPEAN OROGENIC BELT - PRE-VARISCAN / IBERIAN PENINSULA / CANTABRIAN MOUNTAINS,"VIODO BEACH, PENAS CAPE",43.645,43.645,-5.8362,-5.8362,SUBAERIAL,,,s ORV-2 [12829],TRACHYBASALT [12829],,,UPPER [12829],ORDOVICIAN [12829],,,,,VOLCANIC ROCK,,,,,WHOLE_ROCK [12829] ,217964.94050000003,19718.286,,83145.33210000001,,,,96229.74,43096.41,28584.096,1858.6992,,26315.755,24110.3525,2618.526,,,,,,,,,,,,,,,,24000.,,,,,,,,,,,,,,,,,,,,,,,,,,,,,,361,48,,,52,38,4,144,25,,,,,52,834,27,302,65,,,,,,,,,,,,,1602,46.62,95.15,11.95,46.4,9.8,2.93,9.17,1.22,6.89,1.35,3.56,0.46,2.85,0.39,8.05,2.05,,,,,,,,,7,,5.88,1,0.512437,,,,,,,,,,,,,,,,,,,,,,,,380820,
[12829],INTRAPLATE VOLCANICS,EUROPEAN OROGENIC BELT - PRE-VARISCAN / IBERIAN PENINSULA / CANTABRIAN MOUNTAINS,"VIODO BEACH, PENAS CAPE",43.645,43.645,-5.8362,-5.8362,SUBAERIAL,,,s ORV-3 [12829],DACITE [12829],,,UPPER [12829],ORDOVICIAN [12829],,,,,VOLCANIC ROCK,,,,,WHOLE_ROCK [12829] ,322296.43250000005,4075.512,,29955.606600000003,,,,50291.31,39808.79,9226.511999999999,2710.6029999999996,,4067.735,3857.6564,872.8420000000001,,,,,,,,,,,,,,,,95700.,,,,,,,,,,,,,,,,,,,,,,,,,,,,,,88,134,,,30,45,4,43,8,,,,,23,55,15,281,22,,,,,,,,,,,,,99,22.68,44.23,5.01,18.43,3.51,0.78,3.33,0.48,2.77,0.53,1.5,0.21,1.41,0.2,6.41,0.52,,,,,,,,,15,,6.56,3,0.512111,,,,,,,,,,,,,,,,,,,,,,,,380821,
[12829],INTRAPLATE VOLCANICS,EUROPEAN OROGENIC BELT - PRE-VARISCAN / IBERIAN PENINSULA / SPAIN,"XILLOI BEACH, OLLO DE SAPO REGION",43.5776,43.5776,-7.6501,-7.6501,SUBAERIAL,,,s ORV-6 [12829],TRACHYANDESITE [12829],,,,ORDOVICIAN [12829],,,,,VOLCANIC ROCK,,,,,WHOLE_ROCK [12829] ,297288.66000000003,4375.182,,90131.4453,,,,35211.69,9076.69,10794.416,387.22900000000004,,34617.255,16543.411099999998,872.8420000000001,,,,,,,,,,,,,,,,32200.000000000004,,,,,,,,,,,,,,,,,,,,,,,,,,,,,,97,112,,,19,25,39,70,19,,,,,181,99,30,166,15,,,,,,,,,,,,,749,33.73,68.06,8.42,33.3,6.47,1.15,6.43,1.02,6.17,1.17,3.25,0.46,2.92,0.39,3.62,0.5,,,,,,,,,81,,12.38,4,,,,,,,,,,,,,,,,,,,,,,,,,380822,
[12829],INTRAPLATE VOLCANICS,EUROPEAN OROGENIC BELT - PRE-VARISCAN / IBERIAN PENINSULA / SPAIN,"XILLOI BEACH, OLLO DE SAPO REGION",43.5776,43.5776,-7.6501,-7.6501,SUBAERIAL,,,s ORV-7 [12829],BASALT [12829],,,,ORDOVICIAN [12829],,,,,VOLCANIC ROCK,,,,,WHOLE_ROCK [12829] ,218151.9145,6173.202,,112201.212,,,,62261.729999999996,58248.05,26895.584,697.0122,,19674.555,19659.210499999997,392.77889999999996,,,,,,,,,,,,,,,,38500.,,,,,,,,,,,,,,,,,,,,,,,,,,,,,,159,358,,,19,77,28,79,19,,,,,191,271,29,174,16,,,,,,,,,,,,,800,42.39,84.42,10.54,41.49,8.57,1.31,7.63,1.19,6.86,1.25,3.43,0.48,3.12,0.44,4.39,0.6,,,,,,,,,64,,13.92,4,,,,,,,,,,,,,,,,,,,,,,,,,380823,
[12829],INTRAPLATE VOLCANICS,EUROPEAN OROGENIC BELT - PRE-VARISCAN / IBERIAN PENINSULA / GONDWANA BASEMENT,ESPASANTE SAN ANTONIO BEACH,43.7227,43.7227,-7.8059,-7.8059,SUBAERIAL,,,s ORV-8 [12829],DACITE [12829],480000000 [12829],480000000 [12829],LOWER [12829],ORDOVICIAN [12829],,,,,VOLCANIC ROCK,,,,,WHOLE_ROCK [12829] ,299532.348,4674.852,,87167.6397,,,,37310.4,6932.59,11518.063999999998,464.6748,,34534.24,15949.9255,785.5577999999999,,,,,,,,,,,,,,,,39600.,,,,,,,,,,,,,,,,,,,,,,,,,,,,,,101,184,,,0,3,0,127,22,,,,,0,105,19,66,1,,,,,,,,,,,,,447,4.21,7.12,1.5,8.53,2.82,1.11,4.1,0.66,4.34,0.96,2.69,0.35,2.39,0.32,2.02,0.04,,,,,,,,,0,,0.08,0,,,,,,,,,,,,,,,,,,,,,,,,,380824,
[12829],INTRAPLATE VOLCANICS,EUROPEAN OROGENIC BELT - PRE-VARISCAN / IBERIAN PENINSULA / GONDWANA BASEMENT,ESPASANTE SAN ANTONIO BEACH,43.7227,43.7227,-7.8059,-7.8059,SUBAERIAL,,,s ORV-10 [12829],BASALT [12829],480000000 [12829],480000000 [12829],LOWER [12829],ORDOVICIAN [12829],,,,,VOLCANIC ROCK,,,,,WHOLE_ROCK [12829] ,224322.05650000004,9349.704,,79969.8261,,,,78973.68000000001,67324.74,39921.248,1239.1328,,747.135,25297.3237,785.5577999999999,,,,,,,,,,,,,,,,34500.,,,,,,,,,,,,,,,,,,,,,,,,,,,,,,264,245,,,52,91,47,88,16,,,,,2,158,32,115,4,,,,,,,,,,,,,18,5.21,13.99,2.33,12.98,3.88,1.46,6.07,1.01,6.88,1.56,4.6,0.65,4.23,0.59,3.51,0.13,,,,,,,,,7,,0.29,1,,,,,,,,,,,,,,,,,,,,,,,,,380825,
[12829],INTRAPLATE VOLCANICS,EUROPEAN OROGENIC BELT - PRE-VARISCAN / IBERIAN PENINSULA / SCHISTOSE DOMAINE OF GALICIA-TRAS-OS-MONTES,PICON BEACH,43.7462,43.7462,-7.7482,-7.7482,SUBAERIAL,,,s ORV-12 [12829],DACITE [12829],475000000 [12829],475000000 [12829],LOWER [12829],ORDOVICIAN [12829],,,,,VOLCANIC ROCK,,,,,WHOLE_ROCK [12829] ,298083.2995,5034.455999999999,,76953.0954,,,,41041.44,13579.3,15437.823999999999,697.0122,,22912.14,13130.8689,785.5577999999999,,,,,,,,,,,,,,,,44400.00000000001,,,,,,,,,,,,,,,,,,,,,,,,,,,,,,107,68,,,25,30,7,85,18,,,,,122,122,33,280,27,,,,,,,,,,,,,844,39.79,81.65,9.94,38.77,8.25,0.71,7.69,1.21,6.99,1.25,3.37,0.48,3.07,0.45,7.41,1.26,,,,,,,,,36,,14.93,4,,,,,,,,,,,,,,,,,,,,,,,,,380826,
[12829],INTRAPLATE VOLCANICS,EUROPEAN OROGENIC BELT - PRE-VARISCAN / IBERIAN PENINSULA / SCHISTOSE DOMAINE OF GALICIA-TRAS-OS-MONTES,COASTA XUNCOS BEACH,43.7455,43.7455,-7.7516,-7.7516,SUBAERIAL,,,s ORV-13 [12829],RHYOLITE [12829],475000000 [12829],475000000 [12829],LOWER [12829],ORDOVICIAN [12829],,,,,VOLCANIC ROCK,,,,,WHOLE_ROCK [12829] ,330897.23650000006,2157.624,,74889.0165,,,,20676.18,2358.51,7176.1759999999995,154.8916,,22580.08,27448.709,741.9157,,,,,,,,,,,,,,,,22300.,,,,,,,,,,,,,,,,,,,,,,,,,,,,,,47,91,,,14,20,31,38,17,,,,,136,118,27,112,15,,,,,,,,,,,,,319,22.56,45.94,5.49,20.78,4.6,0.69,4.59,0.82,5.37,1.04,3.01,0.45,2.75,0.39,2.65,1,,,,,,,,,42,,9.75,6,0.512166,,,,,,,,,,,,,,,,,,,,,,,,380827,
[12829],INTRAPLATE VOLCANICS,EUROPEAN OROGENIC BELT - PRE-VARISCAN / IBERIAN PENINSULA / SCHISTOSE DOMAINE OF GALICIA-TRAS-OS-MONTES,CARRAXO,42.0855,42.0855,-7.5307,-7.5307,SUBAERIAL,,,s ORV-26 [12829],RHYOLITE [12829],475000000 [12829],475000000 [12829],LOWER [12829],ORDOVICIAN [12829],,,,,VOLCANIC ROCK,,,,,WHOLE_ROCK [12829] ,334730.2035,2816.8979999999997,,82139.7552,,,,20987.100000000002,1143.52,3859.4559999999997,232.3374,,45077.145,15801.5541,698.2736,,,,,,,,,,,,,,,,16100.000000000002,,,,,,,,,,,,,,,,,,,,,,,,,,,,,,60,71,,,9,14,20,48,22,,,,,242,57,27,85,12,,,,,,,,,,,,,658,22.7,46.35,5.81,29.82,6.41,0.8,4.96,0.87,5.59,1.06,3.07,0.44,2.77,0.39,1.85,0.73,,,,,,,,,38,,10.1,5,0.512231,,,,,,,,,,,,,,,,,,,,,,,,380830,
[12829],INTRAPLATE VOLCANICS,EUROPEAN OROGENIC BELT - PRE-VARISCAN / IBERIAN PENINSULA / SPAIN,"MOMBUEY, OLLO DE SAPO REGION",42.0398,42.0398,-6.322,-6.322,SUBAERIAL,,,s ORV-27 [12829],DACITE [12829],,,,ORDOVICIAN [12829],,,,,VOLCANIC ROCK,,,,,WHOLE_ROCK [12829] ,308647.33050000004,2637.096,,80340.3018,,,,46404.81,428.82,12060.8,309.7832,,35198.36,741.857,567.3473,,,,,,,,,,,,,,,,42400.,,,,,,,,,,,,,,,,,,,,,,,,,,,,,,59,89,,,29,41,4,29,21,,,,,142,5,30,127,11,,,,,,,,,,,,,740,15.74,35.02,5.17,22.78,5.35,0.89,5.35,0.89,5.65,1.09,3.13,0.46,2.86,0.41,3.05,0.69,,,,,,,,,27,,12.44,5,,,,,,,,,,,,,,,,,,,,,,,,,380831,
[12829],INTRAPLATE VOLCANICS,EUROPEAN OROGENIC BELT - PRE-VARISCAN / IBERIAN PENINSULA / SPAIN,"MUELAS DE LOS CABALLEROS, OLLO DE SAPO REGION",42.1398,42.1398,-6.3279,-6.3279,SUBAERIAL,,,s ORV-28 [12829],DACITE [12829],,,,ORDOVICIAN [12829],,,,,VOLCANIC ROCK,,,,,WHOLE_ROCK [12829] ,314910.95950000006,2996.7,,90078.5202,,,,26894.579999999998,1858.22,7477.696,154.8916,,38435.945,14985.5114,741.9157,,,,,,,,,,,,,,,,28700.,,,,,,,,,,,,,,,,,,,,,,,,,,,,,,66,85,,,0,3,0,57,24,,,,,0,124,31,157,14,,,,,,,,,,,,,968,27.86,56.04,7.06,27.23,5.77,1,5.59,0.95,5.87,1.14,3.33,0.48,3.03,0.41,3.49,0.9,,,,,,,,,0,,13.49,0,,,,,,,,,,,,,,,,,,,,,,,,,380832,
[12829],INTRAPLATE VOLCANICS,EUROPEAN OROGENIC BELT - PRE-VARISCAN / IBERIAN PENINSULA / SPAIN,"MUELAS DE LOS CABALLEROS, OLLO DE SAPO REGION",42.1563,42.1563,-6.2774,-6.2774,SUBAERIAL,,,s ORV-29 [12829],DACITE [12829],,,,ORDOVICIAN [12829],,,,,VOLCANIC ROCK,,,,,WHOLE_ROCK [12829] ,317435.10850000003,3296.37,,88226.14170000001,,,,28371.45,3644.9700000000003,7055.567999999999,619.5664,,48978.850000000006,8086.241300000001,960.1262,,,,,,,,,,,,,,,,28500.,,,,,,,,,,,,,,,,,,,,,,,,,,,,,,70,94,,,0,3,0,55,22,,,,,0,61,,0,,,,,,,,,,,,,,,,,,,,,,,,,,,,,,,,,,,,,,,0,,,0,,,,,,,,,,,,,,,,,,,,,,,,,380833,
[12829],INTRAPLATE VOLCANICS,EUROPEAN OROGENIC BELT - PRE-VARISCAN / IBERIAN PENINSULA / WEST ASTURIAN LEONESE ZONE,"CUNAS, SOUTHERN WEST ASTURIAN LEONESE ZONE",42.2438,42.2438,-6.4301,-6.4301,SUBAERIAL,,,s ORV-30 [12829],RHYOLITE [12829],,,MIDDLE [12829],ORDOVICIAN [12829],,,,,VOLCANIC ROCK,,,,,WHOLE_ROCK [12829] ,361841.4335,659.274,,73036.638,,,,4197.42,71.47,1507.6,0.,,33455.045000000006,1706.2711,261.8526,,,,,,,,,,,,,,,,26100.,,,,,,,,,,,,,,,,,,,,,,,,,,,,,,13,138,,,0,3,0,31,27,,,,,0,46,55,90,42,,,,,,,,,,,,,301,18.08,42.64,5.29,19.18,5.11,0.2,5.38,1.31,9.81,1.99,6.15,0.96,6.29,0.83,3.16,4.85,,,,,,,,,0,,15.37,0,,,,,,,,,,,,,,,,,,,,,,,,,380834,
[12829],INTRAPLATE VOLCANICS,EUROPEAN OROGENIC BELT - PRE-VARISCAN / IBERIAN PENINSULA / WEST ASTURIAN LEONESE ZONE,"CORPORALES, SOUTHERN WEST ASTURIAN LEONESE ZONE",42.3194,42.3194,-6.4409,-6.4409,SUBAERIAL,,,s ORV-31 [12829],RHYOLITE [12829],,,MIDDLE [12829],ORDOVICIAN [12829],,,,,VOLCANIC ROCK,,,,,WHOLE_ROCK [12829] ,371610.825,2876.832,,60599.239499999996,,,,13214.1,643.23,1869.424,0.,,11456.07,26929.409099999997,261.8526,,,,,,,,,,,,,,,,22400.000000000004,,,,,,,,,,,,,,,,,,,,,,,,,,,,,,56,103,,,0,3,0,12,10,,,,,0,92,39,232,9,,,,,,,,,,,,,313,39.13,53.78,11.9,55.76,16.26,4.13,17.91,2.13,10.06,1.62,4,0.53,3.46,0.5,5.13,0.58,,,,,,,,,0,,6.82,0,,,,,,,,,,,,,,,,,,,,,,,,,380835,
[12829],INTRAPLATE VOLCANICS,EUROPEAN OROGENIC BELT - PRE-VARISCAN / IBERIAN PENINSULA / CANTABRIAN MOUNTAINS,PUENTE TUNA,43.2923,43.2923,-6.3694,-6.3694,SUBAERIAL,,,s OR-V-32 [12829],DACITE [12829],477500000 [12829],478000000 [12829],LOWER [12829],ORDOVICIAN [12829],,,,,VOLCANIC ROCK,,,,,WHOLE_ROCK [12829] ,331271.18450000003,8870.232,,50172.99480000001,,,,47182.11,9505.51,17488.16,619.5664,,18180.285,13130.8689,1702.0419000000002,,,,,,,,,,,,,,,,32000.,,,,,,,,,,,,,,,,,,,,,,,,,,,,,,149,132,,,34,34,7,51,14,,,,,54,111,17,310,30,,,,,,,,,,,,,553,25.91,53.62,6.39,56.12,11.35,1.36,4.59,0.66,3.76,0.67,1.82,0.26,1.65,0.24,6.61,1.69,,,,,,,,,25,,6.88,4,0.512338,,,,,,,,,,,,,,,,,,,,,,,,380836,
[12829],INTRAPLATE VOLCANICS,EUROPEAN OROGENIC BELT - PRE-VARISCAN / IBERIAN PENINSULA / CANTABRIAN MOUNTAINS,ARROYO FARANDON,43.3002,43.3002,-6.3361,-6.3361,SUBAERIAL,,,s OR-V-33 [12829],TRACHYTE [12829],478000000 [12829],478000000 [12829],LOWER [12829],ORDOVICIAN [12829],,,,,VOLCANIC ROCK,,,,,WHOLE_ROCK [12829] ,285696.272,3655.9739999999997,,85315.26120000001,,,,51690.450000000004,11435.2,4402.192,1471.4702,,33289.015,42434.2204,741.9157,,,,,,,,,,,,,,,,18000.,,,,,,,,,,,,,,,,,,,,,,,,,,,,,,61,26,,,23,11,4,218,30,,,,,85,168,56,547,165,,,,,,,,,,,,,1369,96.3,192.47,22.94,88.95,17.02,4.52,15.31,2.24,12.83,2.33,6.34,0.88,5.54,0.78,8.89,7.14,,,,,,,,,26,,12.45,3,,,,,,,,,,,,,,,,,,,,,,,,,380837,
[12827],INTRAPLATE VOLCANICS,EUROPEAN OROGENIC BELT - PRE-VARISCAN / IBERIAN PENINSULA / OSSA MORENA ZONE / URRA FORMATION,,39.23,39.23,-7.4,-7.4,SUBAERIAL,,,s URRA 2 [12827],RHYODACITE [12827],,,LOWER [12827],ORDOVICIAN [12827],,,,PORPHYRITIC [12827] ,VOLCANIC ROCK,,,,,WHOLE_ROCK [12827] ,311779.145,4974.521999999999,,84203.83410000001,,,,38243.159999999996,5360.25,10915.024,309.7832,,21417.87,22849.1956,872.8420000000001,,,,,,,,,,,,,,,,24700.000000000004,,,,,,,,,,,,,,23,2.4,,,,,,,,,,,,,15,0.28,92,56,,,10,24,21,49,23,,,,,67,154,32,237,12.2,1.1,,,,,,,5.5,,,,1.9,855,39.9,87.6,10.1,41.8,8.94,1.08,6.75,1,5.45,1.09,2.89,0.44,2.79,0.43,1.8,1,,,,,,,,,14.3,,15.8,2.65,0.512344,,,0.717378,,,,,,,,,,,,,,,,,,,,,380886,
[12827],INTRAPLATE VOLCANICS,EUROPEAN OROGENIC BELT - PRE-VARISCAN / IBERIAN PENINSULA / OSSA MORENA ZONE / URRA FORMATION,,39.23,39.23,-7.4,-7.4,SUBAERIAL,,,s URRA 5 [12827],RHYODACITE [12827],,,LOWER [12827],ORDOVICIAN [12827],,,,PORPHYRITIC [12827] ,VOLCANIC ROCK,,,,,WHOLE_ROCK [12827] ,322623.637,2577.162,,85315.26120000001,,,,21919.859999999997,2787.33,6331.92,154.8916,,36277.555,24332.9096,916.4841,,,,,,,,,,,,,,,,19500.,,,,,,,,,,,,,,13,2.98,,,,,,,,,,,,,7,0.78,39,23,,,3,11,9,45,21.8,,,,,159,64,31,145,9.2,1.7,,,,,,,6.5,,,,3.8,768,23.5,48.1,6,23.2,5.57,0.72,5.09,0.9,5.53,1.14,3.06,0.47,2.79,0.4,2.1,0.8,,,,,,,,,14.5,,11.1,4.61,0.512356,,,0.731206,,,,,,,,,,,,,,,,,,,,,380887,
[12827],INTRAPLATE VOLCANICS,EUROPEAN OROGENIC BELT - PRE-VARISCAN / IBERIAN PENINSULA / OSSA MORENA ZONE / URRA FORMATION,,39.23,39.23,-7.4,-7.4,SUBAERIAL,,,s URRA 8 [12827],RHYODACITE [12827],,,LOWER [12827],ORDOVICIAN [12827],,,,PORPHYRITIC [12827] ,VOLCANIC ROCK,,,,,WHOLE_ROCK [12827] ,327858.90900000004,2637.096,,82721.93130000001,,,,21142.56,2215.57,6030.4,154.8916,,38186.899999999994,18546.425,916.4841,,,,,,,,,,,,,,,,19400.,,,,,,,,,,,,,,17,2.71,,,,,,,,,,,,,5,0.91,41,28,,,3,7,11,43,20.2,,,,,166,33,40,171,9.3,0.4,,,,,,,4.7,,,,3.5,904,27.9,59.4,7.3,29.5,6.75,1.33,6.65,1.13,6.45,1.37,3.61,0.5,2.94,0.42,2.2,0.8,,,,,,,,,21,,11.3,4.04,,,,,,,,,,,,,,,,,,,,,,,,,380888,
[12827],INTRAPLATE VOLCANICS,EUROPEAN OROGENIC BELT - PRE-VARISCAN / IBERIAN PENINSULA / OSSA MORENA ZONE / URRA FORMATION,,39.23,39.23,-7.4,-7.4,SUBAERIAL,,,s URRA 4 [12827],RHYODACITE [12827],,,LOWER [12827],ORDOVICIAN [12827],,,,PORPHYRITIC [12827] ,VOLCANIC ROCK,,,,,WHOLE_ROCK [12827] ,330897.23650000006,2756.964,,80816.6277,,,,18888.390000000003,2930.27,5125.839999999999,77.4458,,33953.135,18843.1678,916.4841,,,,,,,,,,,,,,,,24300.,,,,,,,,,,,,,,14,2.59,,,,,,,,,,,,,8,0.58,45,26,,,2,10,16,45,20.8,,,,,129,88,32,145,9.4,0.3,,,,,,,5.1,,,,2.7,971,24.8,53.5,6.6,26,6.08,0.81,5.5,0.91,5.49,1.1,3.02,0.46,2.66,0.4,2.1,0.8,,,,,,,,,13.2,,11.7,5.47,0.512331,,,0.738052,,,,,,,,,,,,,,,,,,,,,380889,
[12827],INTRAPLATE VOLCANICS,EUROPEAN OROGENIC BELT - PRE-VARISCAN / IBERIAN PENINSULA / OSSA MORENA ZONE / URRA FORMATION,,39.23,39.23,-7.4,-7.4,SUBAERIAL,,,s URRA 7 [12827],RHYOLITE [12827],,,LOWER [12827],ORDOVICIAN [12827],,,,PORPHYRITIC [12827] ,VOLCANIC ROCK,,,,,WHOLE_ROCK [12827] ,334356.2555,2816.8979999999997,,79334.7249,,,,21375.75,2358.51,5427.36,232.3374,,33372.03,18768.982099999997,829.1999000000001,,,,,,,,,,,,,,,,18300.,,,,,,,,,,,,,,22,2.96,,,,,,,,,,,,,6,0.73,43,28,,,13,16,17,53,20,,,,,146,31,36,171,9.1,0.4,,,,,,,4.5,,,,3.8,619,34.6,82.7,8.9,34.9,7.95,1.42,7.7,1.18,6.88,1.39,3.51,0.51,3.18,0.41,2,0.7,,,,,,,,,36.8,,11.9,2.94,,,,,,,,,,,,,,,,,,,,,,,,,380890,
[12827],INTRAPLATE VOLCANICS,EUROPEAN OROGENIC BELT - PRE-VARISCAN / IBERIAN PENINSULA / OSSA MORENA ZONE / URRA FORMATION,,39.2097,39.2097,-7.4317,-7.4317,SUBAERIAL,,,s URRA 1 [12827],RHYOLITE [12827],,,LOWER [12827],ORDOVICIAN [12827],,,,PORPHYRITIC [12827] ,VOLCANIC ROCK,,,,,WHOLE_ROCK [12827] ,348379.3055,1078.812,,71978.136,,,,14302.320000000002,3287.6200000000003,2351.8559999999998,154.8916,,39598.155,17878.7537,960.1262,,,,,,,,,,,,,,,,13200.,,,,,,,,,,,,,,41,2.38,,,,,,,,,,,,,8,1.88,20,13,,,3,7,13,96,30,,,,,341,29,19,64,21.4,1.6,,,,,,,13.6,,,,9,378,10.6,24.5,3.1,11.6,3.49,0.24,3.36,0.52,3.17,0.53,1.27,0.19,1.1,0.15,2.3,2.5,,,,,,,,,10.5,,8.3,9.58,0.512566,,,0.912595,,,,,,,,,,,,,,,,,,,,,380891,
[12827],INTRAPLATE VOLCANICS,EUROPEAN OROGENIC BELT - PRE-VARISCAN / IBERIAN PENINSULA / OSSA MORENA ZONE / URRA FORMATION,,39.2017,39.2017,-7.3639,-7.3639,SUBAERIAL,,,s URRA 3 [12827],RHYOLITE [12827],,,LOWER [12827],ORDOVICIAN [12827],,,,PORPHYRITIC [12827] ,VOLCANIC ROCK,,,,,WHOLE_ROCK [12827] ,352586.22050000005,958.944,,69437.7312,,,,12669.99,1715.28,2954.8959999999997,232.3374,,42918.755,16395.039699999998,523.7052,,,,,,,,,,,,,,,,11000.,,,,,,,,,,,,,,10,2.59,,,,,,,,,,,,,4,0.91,11,6,,,2,4,6,48,19.9,,,,,189,40,35,86,8.4,0.3,,,,,,,6.8,,,,4.7,465,18.4,40.2,4.9,18.2,4.68,0.3,4.66,0.85,5.3,1.13,3.1,0.48,3.09,0.46,2.3,0.9,,,,,,,,,25.4,,11.1,3.54,0.512411,,,0.791119,,,,,,,,,,,,,,,,,,,,,380892,
[12827],INTRAPLATE VOLCANICS,EUROPEAN OROGENIC BELT - PRE-VARISCAN / IBERIAN PENINSULA / OSSA MORENA ZONE / URRA FORMATION,,39.23,39.23,-7.4,-7.4,SUBAERIAL,,,s URRA 6 [12827],RHYODACITE [12827],,,LOWER [12827],ORDOVICIAN [12827],,,,FINE-GRAINED [12827] ,VOLCANIC ROCK,,,,,WHOLE_ROCK [12827] ,311358.4535,4914.588,,85156.4859,,,,39409.11,2215.57,13387.488000000001,232.3374,,21251.84,15133.8828,1745.6840000000002,,,,,,,,,,,,,,,,32300.,,,,,,,,,,,,,,33,2,,,,,,,,,,,,,16,0.41,127,96,,,4,38,21,92,20.6,,,,,94,37,28,175,11.1,0.2,,,,,,,2.5,,,,2.6,435,31.2,63.9,7.8,29.5,6.23,1.3,4.74,0.63,3.17,0.64,1.79,0.31,2.1,0.36,4.5,0.9,,,,,,,,,6.3,,8.9,2.63,0.512174,,,0.756229,,,,,,,,,,,,,,,,,,,,,380893,
[12827],INTRAPLATE VOLCANICS,EUROPEAN OROGENIC BELT - PRE-VARISCAN / IBERIAN PENINSULA / OSSA MORENA ZONE / URRA FORMATION,,39.23,39.23,-7.4,-7.4,SUBAERIAL,,,s URRA 5B [12827],RHYOLITE [12827],,,LOWER [12827],ORDOVICIAN [12827],,,,FINE-GRAINED [12827] ,VOLCANIC ROCK,,,,,WHOLE_ROCK [12827] ,370722.69850000006,2277.4919999999997,,53136.8004,,,,15856.92,1929.69,6452.528,154.8916,,17931.24,14540.3972,567.3473,,,,,,,,,,,,,,,,22100.,,,,,,,,,,,,,,13,1.91,,,,,,,,,,,,,6,0.34,36,24,,,3,9,5,19,15.4,,,,,80,34,21,124,7.4,0.5,,,,,,,9.4,,,,1.5,345,17.8,35.2,4.4,16.8,3.77,0.55,3.44,0.58,3.52,0.73,1.92,0.27,1.72,0.25,2,0.6,,,,,,,,,5.6,,8.6,2.15,0.512163,,,0.747854,,,,,,,,,,,,,,,,,,,,,380894,
[12854],INTRAPLATE VOLCANICS,EUROPEAN OROGENIC BELT - PRE-VARISCAN / IBERIAN PENINSULA / OSSA MORENA ZONE / SAN JERONIMO FORMATION,"LAS EMITAS REGION, SIERRA DE CORDOBA",38,38,-4.83,-4.83,SUBAERIAL,,,s CA-1 [12854],MUDSTONE [12854],,,,,,,,,SEDIMENTARY ROCK,,,,,WHOLE_ROCK [12854] ,300560.705,4554.9839999999995,,83621.65800000001,,44272.020000000004,,,5860.54,18211.807999999997,697.0122,,26564.800000000003,20623.6246,,,,,,,,,,,,,,,,,34300.,,,,,,,,,,,,,,,,,,,,,,,,,,,,14.6,,99,110,,,,35,,,,,,,,94,83,20.7,226,9,,,,,,,,,,,,,,31.2,63.6,,27.9,5.13,1.37,3.89,,3.6,,2.11,,1.98,0.33,,,,,,,,,,,,,,,0.512129,,,,,,,,,,,,,,,,,,,,,,,,380947,
[12854],INTRAPLATE VOLCANICS,EUROPEAN OROGENIC BELT - PRE-VARISCAN / IBERIAN PENINSULA / OSSA MORENA ZONE / SAN JERONIMO FORMATION,"LAS EMITAS REGION, SIERRA DE CORDOBA",38,38,-4.83,-4.83,SUBAERIAL,,,s CA-2 [12854],DACITE [12854],,,,,,,,PORPHYRITIC TO MICROPORPHYRITIC [12854] ,VOLCANIC ROCK,,,,,WHOLE_ROCK [12854] ,281395.87000000005,2457.294,,88384.917,,27626.300000000003,,,20011.6,18875.152,1084.2412000000002,,28972.235,21588.0387,,,,,,,,,,,,,,,,,60800.,,,,,,,,,,,,,,,,,,,,,,,,,,,,8.3,,96,0,,,,0,,,,,,,,108,113,14.5,97,3,,,,,,,,,,,,,,8.05,19,,10.5,2.29,0.43,2.17,,2.18,,1.37,,1.4,0.23,,,,,,,,,,,,,,,0.512555,,,,,,,,,,,,,,,,,,,,,,,,380948,
[12854],INTRAPLATE VOLCANICS,EUROPEAN OROGENIC BELT - PRE-VARISCAN / IBERIAN PENINSULA / OSSA MORENA ZONE / SAN JERONIMO FORMATION,"LAS EMITAS REGION, SIERRA DE CORDOBA",38,38,-4.83,-4.83,SUBAERIAL,,,s CA-3 [12854],ANDESITE [12854],,,,,,,,PORPHYRITIC TO MICROPORPHYRITIC [12854] ,VOLCANIC ROCK,,,,,WHOLE_ROCK [12854] ,284200.48,2876.832,,94735.92899999999,,48888.060000000005,,,6289.36,18633.935999999998,619.5664,,31545.699999999997,18027.1251,,,,,,,,,,,,,,,,,37300.,,,,,,,,,,,,,,,,,,,,,,,,,,,,10.4,,116,0,,,,0,,,,,,,,121,94,14.6,102,4,,,,,,,,,,,,,,11.8,23.5,,13.6,2.93,0.79,2.66,,2.45,,1.53,,1.55,0.25,,,,,,,,,,,,,,,0.512643,,,,,,,,,,,,,,,,,,,,,,,,380949,
[12854],INTRAPLATE VOLCANICS,EUROPEAN OROGENIC BELT - PRE-VARISCAN / IBERIAN PENINSULA / OSSA MORENA ZONE / SAN JERONIMO FORMATION,"LAS EMITAS REGION, SIERRA DE CORDOBA",38,38,-4.83,-4.83,SUBAERIAL,,,s CA-4 [12854],MUDSTONE [12854],,,,,,,,,SEDIMENTARY ROCK,,,,,WHOLE_ROCK [12854] ,313181.45,5274.192,,90501.92100000002,,34690.24,,,2715.86,13869.919999999998,387.22900000000004,,36360.57,2819.0566,,,,,,,,,,,,,,,,,35100.,,,,,,,,,,,,,,,,,,,,,,,,,,,,21,,118,98,,,,41,,,,,,,,121,50,24.5,176,12,,,,,,,,,,,,,,35.9,77.7,,31.1,5.48,1.17,5.07,,4.86,,2.53,,2.56,0.39,,,,,,,,,,,,,,,0.512055,,,,,,,,,,,,,,,,,,,,,,,,380950,
[12854],INTRAPLATE VOLCANICS,EUROPEAN OROGENIC BELT - PRE-VARISCAN / IBERIAN PENINSULA / OSSA MORENA ZONE / SAN JERONIMO FORMATION,"LAS EMITAS REGION, SIERRA DE CORDOBA",38,38,-4.83,-4.83,SUBAERIAL,,,s CA-5 [12854],ANDESITE [12854],,,,,,,,PORPHYRITIC TO MICROPORPHYRITIC [12854] ,VOLCANIC ROCK,,,,,WHOLE_ROCK [12854] ,264100.775,2996.7,,95794.43100000001,,50496.68,,,9648.45,31478.688,1316.5786,,11456.07,44733.977100000004,,,,,,,,,,,,,,,,,35500.,,,,,,,,,,,,,,,,,,,,,,,,,,,,13.2,,147,0,,,,0,,,,,,,,36,441,12.6,85,2,,,,,,,,,,,,,,6.97,17,,9.62,2.23,0.69,2.2,,2.1,,1.32,,1.45,0.23,,,,,,,,,,,,,,,0.512737,,,,,,,,,,,,,,,,,,,,,,,,380951,
[12854],INTRAPLATE VOLCANICS,EUROPEAN OROGENIC BELT - PRE-VARISCAN / IBERIAN PENINSULA / OSSA MORENA ZONE / SAN JERONIMO FORMATION,"LAS EMITAS REGION, SIERRA DE CORDOBA",38,38,-4.83,-4.83,SUBAERIAL,,,s CA-6 [12854],ANDESITE [12854],,,,,,,,PORPHYRITIC TO MICROPORPHYRITIC [12854] ,VOLCANIC ROCK,,,,,WHOLE_ROCK [12854] ,268775.125,2936.7659999999996,,92089.674,,43922.32,,,16438.1,22855.216,1006.7954,,17516.164999999997,36796.1072,,,,,,,,,,,,,,,,,48099.99999999999,,,,,,,,,,,,,,,,,,,,,,,,,,,,11.2,,128,0,,,,0,,,,,,,,59,262,13.8,90,4,,,,,,,,,,,,,,8.6,21.1,,12.2,2.81,0.87,2.59,,2.32,,1.38,,1.47,0.24,,,,,,,,,,,,,,,0.512745,,,,,,,,,,,,,,,,,,,,,,,,380952,
[12854],INTRAPLATE VOLCANICS,EUROPEAN OROGENIC BELT - PRE-VARISCAN / IBERIAN PENINSULA / OSSA MORENA ZONE / SAN JERONIMO FORMATION,"LAS EMITAS REGION, SIERRA DE CORDOBA",38,38,-4.83,-4.83,SUBAERIAL,,,s CA-7 [12854],DIORITE [12854],,,,,,,,,PLUTONIC ROCK,,,,,WHOLE_ROCK [12854] ,280461.,3835.776,,77799.897,,42733.340000000004,,,28230.65,33468.719999999994,851.9038,,19176.465,25890.8093,,,,,,,,,,,,,,,,,36600.,,,,,,,,,,,,,,,,,,,,,,,,,,,,16.8,,120,275,,,,113,,,,,,,,59,431,18.5,148,8,,,,,,,,,,,,,,26.5,55.3,,22.6,4.51,1,3.78,,3.26,,1.86,,1.72,0.29,,,,,,,,,,,,,,,0.512204,,,,,,,,,,,,,,,,,,,,,,,,380953,
[12854],INTRAPLATE VOLCANICS,EUROPEAN OROGENIC BELT - PRE-VARISCAN / IBERIAN PENINSULA / OSSA MORENA ZONE / SAN JERONIMO FORMATION,"LAS EMITAS REGION, SIERRA DE CORDOBA",38,38,-4.83,-4.83,SUBAERIAL,,,s CA-8 [12854],"ANDESITE, BASALTIC [12854]",,,,,,,,MICROLITHIC GROUNDMASS [12854] ,VOLCANIC ROCK,,,,,WHOLE_ROCK [12854] ,251480.03,9289.77,,82563.156,,76234.6,,,33090.61,31056.56,697.0122,,17516.164999999997,18843.1678,,,,,,,,,,,,,,,,,33000.,,,,,,,,,,,,,,,,,,,,,,,,,,,,31.8,,280,59,,,,36,,,,,,,,34,270,33.8,203,8,,,,,,,,,,,,,,16.1,39.2,,22.4,5.51,1.29,5.85,,6.02,,3.66,,3.44,0.57,,,,,,,,,,,,,,,0.512739,,,,,,,,,,,,,,,,,,,,,,,,380954,
[12854],INTRAPLATE VOLCANICS,EUROPEAN OROGENIC BELT - PRE-VARISCAN / IBERIAN PENINSULA / OSSA MORENA ZONE / SAN JERONIMO FORMATION,"LAS EMITAS REGION, SIERRA DE CORDOBA",38,38,-4.83,-4.83,SUBAERIAL,,,s CA-9 [12854],ANDESITE [12854],,,,,,,,PORPHYRITIC TO MICROPORPHYRITIC [12854] ,VOLCANIC ROCK,,,,,WHOLE_ROCK [12854] ,270644.865,2637.096,,89972.67,,42943.159999999996,,,15937.81,21649.136,1316.5786,,7305.32,53191.1469,,,,,,,,,,,,,,,,,35100.,,,,,,,,,,,,,,,,,,,,,,,,,,,,9.4,,99,0,,,,0,,,,,,,,15,417,12.6,94,4,,,,,,,,,,,,,,8.42,20.6,,11.6,2.59,0.7,2.38,,2.23,,1.26,,1.48,0.24,,,,,,,,,,,,,,,0.512713,,,,,,,,,,,,,,,,,,,,,,,,380955,
[12854],INTRAPLATE VOLCANICS,EUROPEAN OROGENIC BELT - PRE-VARISCAN / IBERIAN PENINSULA / OSSA MORENA ZONE / SAN JERONIMO FORMATION,"LAS EMITAS REGION, SIERRA DE CORDOBA",38,38,-4.83,-4.83,SUBAERIAL,,,s CA-10 [12854],DACITE [12854],,,,,,,,PORPHYRITIC TO MICROPORPHYRITIC [12854] ,VOLCANIC ROCK,,,,,WHOLE_ROCK [12854] ,330009.11,2157.624,,80975.403,,16435.9,,,5145.84,3980.064,464.6748,,35198.36,32196.5938,,,,,,,,,,,,,,,,,16299.999999999998,,,,,,,,,,,,,,,,,,,,,,,,,,,,3.7,,11,0,,,,0,,,,,,,,143,227,17,230,12,,,,,,,,,,,,,,35.1,69.1,,28,4.91,0.83,3.4,,2.99,,1.69,,1.93,0.3,,,,,,,,,,,,,,,0.512166,,,,,,,,,,,,,,,,,,,,,,,,380956,
[12854],INTRAPLATE VOLCANICS,EUROPEAN OROGENIC BELT - PRE-VARISCAN / IBERIAN PENINSULA / OSSA MORENA ZONE / SAN JERONIMO FORMATION,"LAS EMITAS REGION, SIERRA DE CORDOBA",38,38,-4.83,-4.83,SUBAERIAL,,,s CA-11 [12854],ANDESITE [12854],,,,,,,,PORPHYRITIC TO MICROPORPHYRITIC [12854] ,VOLCANIC ROCK,,,,,WHOLE_ROCK [12854] ,268775.125,9529.506,,87855.66600000001,,64694.5,,,22655.989999999998,12362.319999999998,929.3496,,16603.,25223.138,,,,,,,,,,,,,,,,,40199.99999999999,,,,,,,,,,,,,,,,,,,,,,,,,,,,25,,249,35,,,,22,,,,,,,,65,409,39.5,222,10,,,,,,,,,,,,,,18.3,44,,27,6.75,1.29,6.89,,7.2,,4.14,,4.33,0.66,,,,,,,,,,,,,,,0.512686,,,,,,,,,,,,,,,,,,,,,,,,380957,
[12854],INTRAPLATE VOLCANICS,EUROPEAN OROGENIC BELT - PRE-VARISCAN / IBERIAN PENINSULA / OSSA MORENA ZONE / SAN JERONIMO FORMATION,"LAS EMITAS REGION, SIERRA DE CORDOBA",38,38,-4.83,-4.83,SUBAERIAL,,,s CA-12 [12854],CONGLOMERATE [12854],,,,,,,,,SEDIMENTARY ROCK,,,,,WHOLE_ROCK [12854] ,359924.95,2816.8979999999997,,58217.61,,21331.699999999997,,,3644.9700000000003,9286.815999999999,3872.29,,12701.295,25519.8808,,,,,,,,,,,,,,,,,16800.,,,,,,,,,,,,,,,,,,,,,,,,,,,,8.3,,110,37,,,,11,,,,,,,,51,85,13.2,109,6,,,,,,,,,,,,,,13.5,30,,13.7,2.95,0.77,2.63,,2.41,,1.47,,1.72,0.3,,,,,,,,,,,,,,,0.512273,,,,,,,,,,,,,,,,,,,,,,,,380958,
[12854],INTRAPLATE VOLCANICS,EUROPEAN OROGENIC BELT - PRE-VARISCAN / IBERIAN PENINSULA / OSSA MORENA ZONE / SAN JERONIMO FORMATION,"LAS EMITAS REGION, SIERRA DE CORDOBA",38,38,-4.83,-4.83,SUBAERIAL,,,s CA-13 [12854],DACITE [12854],,,,,,,,PORPHYRITIC TO MICROPORPHYRITIC [12854] ,VOLCANIC ROCK,,,,,WHOLE_ROCK [12854] ,307572.23000000004,4614.918,,81504.65400000001,,47279.439999999995,,,5646.13,15679.039999999999,619.5664,,17516.164999999997,24629.6524,,,,,,,,,,,,,,,,,20000,,,,,,,,,,,,,,,,,,,,,,,,,,,,17.1,,91,0,,,,0,,,,,,,,96,127,27.7,99,4,,,,,,,,,,,,,,15,32.5,,16.4,4.04,1.26,4.68,,4.8,,2.76,,2.78,0.46,,,,,,,,,,,,,,,0.512709,,,,,,,,,,,,,,,,,,,,,,,,380959,
[12854],INTRAPLATE VOLCANICS,EUROPEAN OROGENIC BELT - PRE-VARISCAN / IBERIAN PENINSULA / OSSA MORENA ZONE / SAN JERONIMO FORMATION,"TOP OF THE CASTILLO DE LA ALBEIDA SECTION, LAS EMITAS REGION, SIERRA DE CORDOBA",38,38,-4.83,-4.83,SUBAERIAL,,,s CA-14 [12854],"BASALT, ALKALINE [12854]",,,,,,,,"PORPHYRITIC, MICROCRYSTALLINE GROUNDMASS [12854] ",VOLCANIC ROCK,,,,,WHOLE_ROCK [12854] ,224836.23500000002,13185.48,,65627.12400000001,,85326.79999999999,,,56890.12,52223.263999999996,1471.4702,,1411.255,10608.5551,,,,,,,,,,,,,,,,,58500.,,,,,,,,,,,,,,,,,,,,,,,,,,,,20.3,,193,400,,,,314,,,,,,,,11,313,19.6,130,25,,,,,,,,,,,,,,16.4,34.7,,17.4,4.45,1.43,4.77,,4.19,,1.83,,1.45,0.2,,,,,,,,,,,,,,,0.512871,,,,,,,,,,,,,,,,,,,,,,,,380960,
[12854],INTRAPLATE VOLCANICS,EUROPEAN OROGENIC BELT - PRE-VARISCAN / IBERIAN PENINSULA / OSSA MORENA ZONE / SAN JERONIMO FORMATION,"LAS EMITAS REGION, SIERRA DE CORDOBA",38,38,-4.83,-4.83,SUBAERIAL,,,s SJ-1 [12854],ANDESITE [12854],,,,,,,,PORPHYRITIC TO MICROPORPHYRITIC [12854] ,VOLCANIC ROCK,,,,,WHOLE_ROCK [12854] ,258958.99000000002,3955.644,,90501.92100000002,,59099.299999999996,,,3859.38,34373.28,1161.687,,37605.795000000006,36202.6216,,,,,,,,,,,,,,,,,29400.,,,,,,,,,,,,,,,,,,,,,,,,,,,,23.2,,147,22,,,,12,,,,,,,,53,118,16.3,75,3,,,,,,,,,,,,,,6.82,15.4,,9.27,2.4,0.81,2.64,,2.82,,1.77,,1.72,0.3,,,,,,,,,,,,,,,0.512663,,,,,,,,,,,,,,,,,,,,,,,,380961,
[12854],INTRAPLATE VOLCANICS,EUROPEAN OROGENIC BELT - PRE-VARISCAN / IBERIAN PENINSULA / OSSA MORENA ZONE / SAN JERONIMO FORMATION,"LAS EMITAS REGION, SIERRA DE CORDOBA",38,38,-4.83,-4.83,SUBAERIAL,,,s VLB-1 [12854],ANDESITE [12854],,,,,,,,PORPHYRITIC TO MICROPORPHYRITIC [12854] ,VOLCANIC ROCK,,,,,WHOLE_ROCK [12854] ,259893.86000000002,10248.714,,75153.64199999999,,72737.6,,,32804.729999999996,22674.303999999996,1006.7954,,11207.025000000001,22923.381299999997,,,,,,,,,,,,,,,,,55100.,,,,,,,,,,,,,,,,,,,,,,,,,,,,24.6,,264,35,,,,28,,,,,,,,35,144,36.9,210,8,,,,,,,,,,,,,,16.5,38.2,,23.9,5.99,1.25,5.98,,6.41,,3.9,,3.8,0.62,,,,,,,,,,,,,,,0.512704,,,,,,,,,,,,,,,,,,,,,,,,380962,
[12854],INTRAPLATE VOLCANICS,EUROPEAN OROGENIC BELT - PRE-VARISCAN / IBERIAN PENINSULA / OSSA MORENA ZONE / SAN JERONIMO FORMATION,"LAS EMITAS REGION, SIERRA DE CORDOBA",38,38,-4.83,-4.83,SUBAERIAL,,,s LE-P [12854],"ANDESITE, BASALTIC [12854]",,,,,,,,PORPHYRITIC TO MICROPORPHYRITIC [12854] ,VOLCANIC ROCK,,,,,WHOLE_ROCK [12854] ,233717.50000000003,10128.846,,91560.42300000001,,67002.52,,,11864.019999999999,40705.2,1084.2412000000002,,43001.77,24778.0238,,,,,,,,,,,,,,,,,36500.,,,,,,,,,,,,,,,,,,,,,,,,,,,,39.5,,348,62,,,,32,,,,,,,,91,98,38,220,8,,,,,,,,,,,,,,23.2,49.5,,26,6.7,1.55,7.49,,7.24,,4.29,,4.35,0.64,,,,,,,,,,,,,,,0.512748,,,,,,,,,,,,,,,,,,,,,,,,380963,
[12854],INTRAPLATE VOLCANICS,EUROPEAN OROGENIC BELT - PRE-VARISCAN / IBERIAN PENINSULA / OSSA MORENA ZONE / SAN JERONIMO FORMATION,"LAS EMITAS REGION, SIERRA DE CORDOBA",38,38,-4.83,-4.83,SUBAERIAL,,,s LE-A [12854],ANDESITE [12854],,,,,,,,PORPHYRITIC TO MICROPORPHYRITIC [12854] ,VOLCANIC ROCK,,,,,WHOLE_ROCK [12854] ,257089.25000000003,5154.324,,85209.41100000001,,41124.72,,,36664.11,19116.368,774.4580000000001,,17018.074999999997,45995.134,,,,,,,,,,,,,,,,,53300.,,,,,,,,,,,,,,,,,,,,,,,,,,,,15.6,,86,98,,,,50,,,,,,,,30,249,18,132,6,,,,,,,,,,,,,,26,61.1,,31.3,5.33,1.67,4.51,,3.42,,1.91,,1.78,0.27,,,,,,,,,,,,,,,0.512691,,,,,,,,,,,,,,,,,,,,,,,,380964,
[12854],INTRAPLATE VOLCANICS,EUROPEAN OROGENIC BELT - PRE-VARISCAN / IBERIAN PENINSULA / OSSA MORENA ZONE / SAN JERONIMO FORMATION,"LAS EMITAS REGION, SIERRA DE CORDOBA",38,38,-4.83,-4.83,SUBAERIAL,,,s CA-15 [12854],"ANDESITE, BASALTIC [12854]",,,,,,,,PORPHYRITIC TO MICROPORPHYRITIC [12854] ,VOLCANIC ROCK,,,,,WHOLE_ROCK [12854] ,249142.855,7072.2119999999995,,85209.41100000001,,66093.29999999999,,,11292.26,43298.272,1161.687,,22746.11,32864.2651,,,,,,,,,,,,,,,,,37600.,,,,,,,,,,,,,,,,,,,,,,,,,,,,30.3,,251,97,,,,43,,,,,,,,55,159,31,159,5,,,,,,,,,,,,,,12.5,29.8,,18.9,4.97,1.25,5.14,,4.9,,2.92,,3.04,0.47,,,,,,,,,,,,,2.8,,0.512727,,,,,,,,,,,,,,,,,,,,,,,,380965,
[12854],INTRAPLATE VOLCANICS,EUROPEAN OROGENIC BELT - PRE-VARISCAN / IBERIAN PENINSULA / OSSA MORENA ZONE / SAN JERONIMO FORMATION,"LAS EMITAS REGION, SIERRA DE CORDOBA",38,38,-4.83,-4.83,SUBAERIAL,,,s CA-16 [12854],ANDESITE [12854],,,,,,,,PORPHYRITIC TO MICROPORPHYRITIC [12854] ,VOLCANIC ROCK,,,,,WHOLE_ROCK [12854] ,278123.825,4734.786,,89443.419,,50007.100000000006,,,24514.210000000003,17307.248,929.3496,,11207.025000000001,36573.55009999999,,,,,,,,,,,,,,,,,24300.,,,,,,,,,,,,,,,,,,,,,,,,,,,,22.6,,130,5,,,,,,,,,,,,36,406,29,100,4,,,,,,,,,,,,,,10.1,24.7,,15.1,4.04,1.21,4.5,,4.61,,2.75,,3.01,0.45,,,,,,,,,,,,,1.7,,0.512719,,,,,,,,,,,,,,,,,,,,,,,,380966,
[12854],INTRAPLATE VOLCANICS,EUROPEAN OROGENIC BELT - PRE-VARISCAN / IBERIAN PENINSULA / OSSA MORENA ZONE / SAN JERONIMO FORMATION,"TOP OF THE CASTILLO DE LA ALBEIDA SECTION, LAS EMITAS REGION, SIERRA DE CORDOBA",38,38,-4.83,-4.83,SUBAERIAL,,,s CA-17 [12854],"BASALT, ALKALINE [12854]",,,,,,,,"PORPHYRITIC, MICROCRYSTALLINE GROUNDMASS [12854] ",VOLCANIC ROCK,,,,,WHOLE_ROCK [12854] ,225771.105,12226.536,,64568.621999999996,,86026.20000000001,,,57962.17,57771.231999999996,1316.5786,,2158.39,11647.1549,,,,,,,,,,,,,,,,,49200.,,,,,,,,,,,,,,,,,,,,,,,,,,,,21.8,,190,426,,,,280,,,,,,,,11,327,20,130,23,,,,,,,,,,,,,,15.2,32.7,,17.7,4.53,1.49,4.65,,3.78,,1.71,,1.32,0.19,,,,,,,,,,,,,1.9,,0.512862,,,,,,,,,,,,,,,,,,,,,,,,380967,
[12874],INTRAPLATE VOLCANICS,EUROPEAN OROGENIC BELT - PRE-VARISCAN / IBERIAN PENINSULA / SPAIN / MIRANDA DO DOURO METAGRANITE,OLLO DE SAPO REGION,41.5,41.5,-6.12,-6.12,SUBAERIAL,,,s GNB-9 [12874],NOT GIVEN [12874],4830000000 [12874],4830000000 [12874],,ORDOVICIAN [12874],,,,,VOLCANIC ROCK,,,FRESH,,WHOLE_ROCK [12874] ,317949.287,4075.512,,81187.1034,,,,28993.29,9148.16,8683.776,387.22900000000004,,36443.585,16098.2969,1091.0525,,,,,,,,,,,,,,,,18200.,,,,,,,,,,,,,,122,2.91,,,,,,,,,,,,,9.4,,63,47,,,60,22,15,75,22,,,,,173,133,21.6,217,11.3,0.63,,,,,,,4.63,,,,20.5,757,35.1,74.3,8.99,34.8,7.53,1.16,6.02,0.83,4.24,0.76,1.76,0.25,1.52,0.21,5,1.2,,,,,,,,0.97,18.8,,12.5,3.12,0.512174,,,0.73302,,,,,,,,,,,,,,,,,,,,,381198,
[12874],INTRAPLATE VOLCANICS,EUROPEAN OROGENIC BELT - PRE-VARISCAN / IBERIAN PENINSULA / SPAIN / MIRANDA DO DOURO METAGRANITE,OLLO DE SAPO REGION,41.5,41.5,-6.12,-6.12,SUBAERIAL,,,s GNB-8 [12874],NOT GIVEN [12874],4830000000 [12874],4830000000 [12874],,ORDOVICIAN [12874],,,,,VOLCANIC ROCK,,,FRESH,,WHOLE_ROCK [12874] ,330336.31450000004,3236.436,,76423.8444,,,,26816.850000000002,7718.76,5547.968,309.7832,,33870.12,24852.2095,829.1999000000001,,,,,,,,,,,,,,,,8200.,,,,,,,,,,,,,,263,2.3,,,,,,,,,,,,,8.8,,53,42,,,73,16,17,78,18.4,,,,,203,131,17.8,182,10,0.22,,,,,,,3.23,,,,50.7,753,30.4,63.6,7.73,30.3,6.46,1.03,4.93,0.73,3.7,0.64,1.49,0.21,1.15,0.17,5,1,,,,,,,,1.16,48.3,,12.1,2.73,0.512199,,,0.73857,,,,,,,,,,,,,,,,,,,,,381199,
[12874],INTRAPLATE VOLCANICS,EUROPEAN OROGENIC BELT - PRE-VARISCAN / IBERIAN PENINSULA / SPAIN / OLLO DE SAPO FORMATION,"VILLADEPERA, OLLO DE SAPO REGION",41.53,41.53,-6.12,-6.12,SUBAERIAL,,,s GNB-11 [12874],GNEISS [12874],4830000000 [12874],4830000000 [12874],,ORDOVICIAN [12874],,,,,METAMORPHIC ROCK,,,FRESH,,WHOLE_ROCK [12874] ,302056.49700000003,3715.908,,85050.6357,,,,29770.59,20940.710000000003,13447.792,464.6748,,33455.045000000006,23813.609699999997,1527.4734999999998,,,,,,,,,,,,,,,,16000.,,,,,,,,,,,,,,102,5.91,,,,,,,,,,,,,9.9,,66,83,,,66,34,15,77,24.3,,,,,227,335,24,232,11.8,0.78,,,,,,,7.45,,,,14.5,904,83.2,160,18.4,63.7,10.3,1.52,6.8,0.89,4.34,0.78,2.09,0.28,1.74,0.24,5.7,1.2,,,,,,,,1.47,40.8,,33.5,8.29,0.512232,,,0.71793,,,,,,,,,,,,,,,,,,,,,381200,
[12874],INTRAPLATE VOLCANICS,EUROPEAN OROGENIC BELT - PRE-VARISCAN / IBERIAN PENINSULA / SPAIN / OLLO DE SAPO FORMATION,"VILLADEPERA, OLLO DE SAPO REGION",41.53,41.53,-6.12,-6.12,SUBAERIAL,,,s GNB-10 [12874],GNEISS [12874],4830000000 [12874],4830000000 [12874],,ORDOVICIAN [12874],,,,,METAMORPHIC ROCK,,,FRESH,,WHOLE_ROCK [12874] ,306356.89900000003,4015.578,,83568.7329,,,,33035.25,20583.36,15799.648,464.6748,,27893.039999999997,22997.567,1527.4734999999998,,,,,,,,,,,,,,,,9700.,,,,,,,,,,,,,,159,5.01,,,,,,,,,,,,,10,,66,107,,,73,41,18,84,23.7,,,,,215,313,22.1,247,12.9,0.73,,,,,,,6.89,,,,15.9,799,82.9,161,18.4,66.1,10.3,1.5,6.44,0.87,4.09,0.75,1.88,0.27,1.47,0.22,5.9,1.4,,,,,,,,1.54,32,,35.8,8.07,0.512136,,,0.71892,,,,,,,,,,,,,,,,,,,,,381201,
[12872],INTRAPLATE VOLCANICS,EUROPEAN OROGENIC BELT - PRE-VARISCAN / IBERIAN PENINSULA / SPAIN,"DRILL HOLE SG-1, LA CODOSERA SYNCLINE",39.2,39.2,-6.6,-6.6,SUBAERIAL,,,s 4.02 [12872],DIABASE [12872],436000000 [12872],436000000 [12872],,SILURIAN [12872],,,,MEDIUM-GRAINED [12872] ,VOLCANIC ROCK,,,,,WHOLE_ROCK [12872] ,212636.18150000004,19598.417999999998,,68908.4802,,,,114574.02,67967.97,28222.271999999997,2168.4824000000003,,5645.02,26039.180699999997,6982.736000000001,,,,,,,,,,,,,,,,14800.,,,,,,,,,,,,,,,,,,,,,,,,,,,,30,,215,0,,,32,0,14,134,,,,,,17,276,81.2,199,22.2,,,,,,,,,,,,2.2,115,27.8,70.8,10,52.1,14,4.52,15.6,2.44,13.7,2.53,6.82,0.86,5.01,0.67,5.6,1.94,,,,,,,,,,,1.81,0.52,,,,,,,,,,,,,,,,,,,,,,,,,381202,
[12872],INTRAPLATE VOLCANICS,EUROPEAN OROGENIC BELT - PRE-VARISCAN / IBERIAN PENINSULA / SPAIN,"DRILL HOLE SG-1, LA CODOSERA SYNCLINE",39.2,39.2,-6.6,-6.6,SUBAERIAL,,,s 12.90 [12872],DIABASE [12872],436000000 [12872],436000000 [12872],,SILURIAN [12872],,,,MEDIUM-GRAINED [12872] ,VOLCANIC ROCK,,,,,WHOLE_ROCK [12872] ,206606.27000000002,20317.626,,66473.9256,,,,124290.27,62607.72,35820.576,2091.0366,,3984.72,21365.4816,6502.6729,,,,,,,,,,,,,,,,18400.,,,,,,,,,,,,,,,,,,,,,,,,,,,,24,,273,0,,,42,0,18,151,,,,,,11,364,63.9,160,18.1,,,,,,,,,,,,1.3,79,22.1,56.6,8.07,42.2,11.4,3.9,12.8,1.95,10.9,2.03,5.5,0.68,4.06,0.55,5.1,1.64,,,,,,,,,,,1.62,0.49,,,,,,,,,,,,,,,,,,,,,,,,,381203,
[12872],INTRAPLATE VOLCANICS,EUROPEAN OROGENIC BELT - PRE-VARISCAN / IBERIAN PENINSULA / SPAIN,"DRILL HOLE SG-1, LA CODOSERA SYNCLINE",39.2,39.2,-6.6,-6.6,SUBAERIAL,,,s 18.64 [12872],DIABASE [12872],436000000 [12872],436000000 [12872],,SILURIAN [12872],,,,MEDIUM-GRAINED [12872] ,VOLCANIC ROCK,,,,,WHOLE_ROCK [12872] ,225537.3875,16901.388,,77111.8707,,,,89700.42,68468.26,27739.839999999997,1394.0244,,3486.6299999999997,31825.6653,2225.7471,,,,,,,,,,,,,,,,16900.,,,,,,,,,,,,,,,,,,,,,,,,,,,,34,,384,0,,,33,0,33,107,,,,,,6,183,50.4,239,12.5,,,,,,,,,,,,0.7,53,19.3,44.6,5.71,27.8,7.33,2.97,8.47,1.37,8.04,1.56,4.44,0.62,3.66,0.52,6.7,1.09,,,,,,,,,,,2.34,0.68,,,,,,,,,,,,,,,,,,,,,,,,,381204,
[12872],INTRAPLATE VOLCANICS,EUROPEAN OROGENIC BELT - PRE-VARISCAN / IBERIAN PENINSULA / SPAIN,"DRILL HOLE SG-1, LA CODOSERA SYNCLINE",39.2,39.2,-6.6,-6.6,SUBAERIAL,,,s 24.50 [12872],DIABASE [12872],436000000 [12872],436000000 [12872],,SILURIAN [12872],,,,MEDIUM-GRAINED [12872] ,VOLCANIC ROCK,,,,,WHOLE_ROCK [12872] ,217170.301,24872.61,,77482.34640000001,,,,106723.29000000001,55317.78,25810.112,1548.9160000000002,,3486.6299999999997,32493.3366,1440.1893,,,,,,,,,,,,,,,,19500.,,,,,,,,,,,,,,,,,,,,,,,,,,,,30,,492,0,,,40,0,49,127,,,,,,10,179,44.9,181,21.2,,,,,,,,,,,,1.9,96,15.9,37.8,4.97,24.6,6.55,2.38,7.49,1.21,7.24,1.4,3.99,0.55,3.36,0.49,5.6,1.74,,,,,,,,,,,1.58,0.45,,,,,,,,,,,,,,,,,,,,,,,,,381205,
[12872],INTRAPLATE VOLCANICS,EUROPEAN OROGENIC BELT - PRE-VARISCAN / IBERIAN PENINSULA / SPAIN,"DRILL HOLE SG-1, LA CODOSERA SYNCLINE",39.2,39.2,-6.6,-6.6,SUBAERIAL,,,s 24.55 [12872],DIABASE [12872],436000000 [12872],436000000 [12872],,SILURIAN [12872],,,,COARSE-GRAINED [12872] ,VOLCANIC ROCK,,,,,WHOLE_ROCK [12872] ,219413.989,24992.478,,65256.6483,,,,101515.38,72899.4,30935.951999999997,1626.3618,,1660.3000000000002,26781.037699999997,2007.5366000000001,,,,,,,,,,,,,,,,17000.,,,,,,,,,,,,,,,,,,,,,,,,,,,,42,,555,0,,,38,0,39,113,,,,,,5,109,57.8,228,19,,,,,,,,,,,,1.9,42,19.1,46.5,6.24,31.4,8.29,2.61,9.68,1.58,9.32,1.78,5.09,0.7,4.19,0.59,7.2,1.61,,,,,,,,,,,2.12,0.65,,,,,,,,,,,,,,,,,,,,,,,,,381206,
[12872],INTRAPLATE VOLCANICS,EUROPEAN OROGENIC BELT - PRE-VARISCAN / IBERIAN PENINSULA / SPAIN,"DRILL HOLE SG-1, LA CODOSERA SYNCLINE",39.2,39.2,-6.6,-6.6,SUBAERIAL,,,s 35.13 [12872],DIABASE [12872],436000000 [12872],436000000 [12872],,SILURIAN [12872],,,,COARSE-GRAINED [12872] ,VOLCANIC ROCK,,,,,WHOLE_ROCK [12872] ,204970.24750000003,22355.381999999998,,71343.03480000001,,,,105246.42,102202.1,29609.264,1394.0244,,0.,13353.426,960.1262,,,,,,,,,,,,,,,,15200.,,,,,,,,,,,,,,,,,,,,,,,,,,,,40,,498,0,,,41,0,0,94,,,,,,2,378,45.1,183,14.4,,,,,,,,,,,,0.1,23,15.5,36.7,4.79,23.2,6.21,2.18,7.22,1.21,7.11,1.39,4.04,0.57,3.44,0.5,5.8,1.23,,,,,,,,,,,1.96,0.58,,,,,,,,,,,,,,,,,,,,,,,,,381207,
[12872],INTRAPLATE VOLCANICS,EUROPEAN OROGENIC BELT - PRE-VARISCAN / IBERIAN PENINSULA / SPAIN,"DRILL HOLE SG-1, LA CODOSERA SYNCLINE",39.2,39.2,-6.6,-6.6,SUBAERIAL,,,s 77.30 [12872],DIABASE [12872],436000000 [12872],436000000 [12872],,SILURIAN [12872],,,,FINE-GRAINED [12872] ,VOLCANIC ROCK,,,,,WHOLE_ROCK [12872] ,221844.651,9949.043999999998,,77535.2715,,,,71511.59999999999,93196.87999999999,52524.784,1239.1328,,1245.225,15356.439899999998,1221.9788,,,,,,,,,,,,,,,,17600.,,,,,,,,,,,,,,,,,,,,,,,,,,,,40,,259,412,,,41,190,112,76,,,,,,3,256,24.3,85,7.1,,,,,,,,,,,,0.4,38,7.17,17.6,2.39,12.3,3.45,1.35,3.99,0.67,4.06,0.77,2.2,0.29,1.79,0.26,2.8,0.62,,,,,,,,,,,0.72,0.22,,,,,,,,,,,,,,,,,,,,,,,,,381208,
[12872],INTRAPLATE VOLCANICS,EUROPEAN OROGENIC BELT - PRE-VARISCAN / IBERIAN PENINSULA / SPAIN,"DRILL HOLE SG-1, LA CODOSERA SYNCLINE",39.2,39.2,-6.6,-6.6,SUBAERIAL,,,s 86.58 [12872],DIABASE [12872],436000000 [12872],436000000 [12872],,SILURIAN [12872],,,,FINE-GRAINED [12872] ,VOLCANIC ROCK,,,,,WHOLE_ROCK [12872] ,220208.62850000002,9709.308,,77482.34640000001,,,,70889.76,91195.72,54092.688,1239.1328,,1079.195,15059.697099999998,698.2736,,,,,,,,,,,,,,,,21700.,,,,,,,,,,,,,,,,,,,,,,,,,,,,42,,249,460,,,42,204,112,79,,,,,,4,239,24.9,84,7.1,,,,,,,,,,,,0.7,36,7.06,17.2,2.34,12,3.33,1.29,3.93,0.67,4.01,0.76,2.19,0.29,1.79,0.27,2.7,0.62,,,,,,,,,,,0.69,0.2,,,,,,,,,,,,,,,,,,,,,,,,,381209,
[12872],INTRAPLATE VOLCANICS,EUROPEAN OROGENIC BELT - PRE-VARISCAN / IBERIAN PENINSULA / SPAIN,"DRILL HOLE SG-1, LA CODOSERA SYNCLINE",39.2,39.2,-6.6,-6.6,SUBAERIAL,,,s 111.10 [12872],DIABASE [12872],436000000 [12872],436000000 [12872],,SILURIAN [12872],,,,FINE-GRAINED [12872] ,VOLCANIC ROCK,,,,,WHOLE_ROCK [12872] ,221938.138,10368.581999999999,,75259.49220000001,,,,73843.5,91767.48,53308.736,1239.1328,,1826.33,15059.697099999998,698.2736,,,,,,,,,,,,,,,,17800.,,,,,,,,,,,,,,,,,,,,,,,,,,,,43,,262,463,,,43,197,113,94,,,,,,3,247,26.4,97,7.6,,,,,,,,,,,,0.5,40,7.55,18.5,2.51,13,3.74,1.41,4.19,0.73,4.34,0.83,2.38,0.33,1.92,0.29,2.9,0.67,,,,,,,,,,,0.76,0.43,,,,,,,,,,,,,,,,,,,,,,,,,381210,
[12872],INTRAPLATE VOLCANICS,EUROPEAN OROGENIC BELT - PRE-VARISCAN / IBERIAN PENINSULA / SPAIN,"DRILL HOLE SG-1, LA CODOSERA SYNCLINE",39.2,39.2,-6.6,-6.6,SUBAERIAL,,,s 148.8 [12872],DIABASE [12872],436000000 [12872],436000000 [12872],,SILURIAN [12872],,,,FINE-GRAINED WITH NODULES [12872] ,VOLCANIC ROCK,,,,,WHOLE_ROCK [12872] ,225537.3875,17141.124,,74095.14,,,,86280.3,57318.939999999995,37870.912,2245.9282,,0.,33828.6792,1352.9051,,,,,,,,,,,,,,,,34600.,,,,,,,,,,,,,,,,,,,,,,,,,,,,37,,359,185,,,37,63,14,108,,,,,,2,227,43.1,169,15.9,,,,,,,,,,,,0.5,49,14.6,35.3,4.68,23.3,6.26,2.06,7.11,1.19,6.94,1.33,3.84,0.53,3.22,0.48,5.4,1.37,,,,,,,,,,,1.6,0.46,,,,,,,,,,,,,,,,,,,,,,,,,381211,
[12872],INTRAPLATE VOLCANICS,EUROPEAN OROGENIC BELT - PRE-VARISCAN / IBERIAN PENINSULA / SPAIN,"DRILL HOLE SG-3, LA CODOSERA SYNCLINE",39.2,39.2,-6.6,-6.6,SUBAERIAL,,,s 0.75 [12872],DIABASE [12872],436000000 [12872],436000000 [12872],,SILURIAN [12872],,,,FINE-GRAINED WITH NODULES [12872] ,VOLCANIC ROCK,,,,,WHOLE_ROCK [12872] ,224368.80000000002,16122.246,,73830.5145,,,,89855.88,75329.37999999999,43539.488,1394.0244,,1162.21,22997.567,1221.9788,,,,,,,,,,,,,,,,16600.,,,,,,,,,,,,,,,,,,,,,,,,,,,,36,,336,184,,,40,94,99,97,,,,,,1,283,34.8,178,13,,,,,,,,,,,,0.2,68,13.8,33.6,4.44,21.1,5.51,1.92,6.12,1.1,6.5,1.26,3.67,0.52,3.05,0.43,4.6,1.1,,,,,,,,,,,1.53,0.43,,,,,,,,,,,,,,,,,,,,,,,,,381212,
[12872],INTRAPLATE VOLCANICS,EUROPEAN OROGENIC BELT - PRE-VARISCAN / IBERIAN PENINSULA / SPAIN,"DRILL HOLE SG-3, LA CODOSERA SYNCLINE",39.2,39.2,-6.6,-6.6,SUBAERIAL,,,s 0.5 [12872],DIABASE [12872],436000000 [12872],436000000 [12872],,SILURIAN [12872],,,,FINE-GRAINED [12872] ,VOLCANIC ROCK,,,,,WHOLE_ROCK [12872] ,228341.99750000003,15403.037999999999,,75100.7169,,,,89622.68999999999,70326.48,38112.128,1471.4702,,4897.884999999999,22404.0814,1134.6946,,,,,,,,,,,,,,,,16600.,,,,,,,,,,,,,,,,,,,,,,,,,,,,36,,321,187,,,39,91,79,104,,,,,,14,280,34.6,182,12.8,,,,,,,,,,,,0.4,119,13.6,33,4.31,20.2,5.47,1.87,5.86,1.07,6.37,1.25,3.71,0.52,3.09,0.45,4.8,1.22,,,,,,,,,,,1.72,0.47,,,,,,,,,,,,,,,,,,,,,,,,,381213,
[12872],INTRAPLATE VOLCANICS,EUROPEAN OROGENIC BELT - PRE-VARISCAN / IBERIAN PENINSULA / SPAIN,"DRILL HOLE SG-3, LA CODOSERA SYNCLINE",39.2,39.2,-6.6,-6.6,SUBAERIAL,,,s 6 [12872],DIABASE [12872],436000000 [12872],436000000 [12872],,SILURIAN [12872],,,,FINE-GRAINED [12872] ,VOLCANIC ROCK,,,,,WHOLE_ROCK [12872] ,227313.64050000004,15462.972,,73512.9639,,,,87290.79000000001,72827.93,37870.912,1394.0244,,5312.96,22107.3386,1134.6946,,,,,,,,,,,,,,,,16600.,,,,,,,,,,,,,,,,,,,,,,,,,,,,35,,323,185,,,39,108,87,90,,,,,,13,309,35.9,175,12.9,,,,,,,,,,,,0.4,106,14.6,36.3,4.69,21.9,5.7,1.89,6.19,1.13,6.62,1.27,3.81,0.54,3.17,0.46,4.6,1.13,,,,,,,,,,,0.94,0.28,,,,,,,,,,,,,,,,,,,,,,,,,381214,
