Citations,Tectonic Setting,Location,Location Comment,Latitude (Min),Latitude (Max),Longitude (Min),Longitude (Max),Land or Sea,Elevation (Min),Elevation (Max),Sample Name,Rock Name,"Age (a, Min)","Age (a, Max)",Geol,Age,Eruption Day,Eruption Month,Eruption Year,Rock Texture,Rock Type,Drill Depth (Min),Drill Depth (Max),Alteration,Mineral,Material,Si,Ti,B,Al,Cr,Fe3+,Fe2+,Fetot(2+),Ca,Mg,Mn,Ni,K,Na,P,H2O,H2OP,H2OM,H2Otot,CO2,CO,F,Cl,Cl2,OH,CH4,SO2,SO3,SO4,S,LOI,Volatiles,O,Others,HE(CCM/G),HE(CCMSTP/G),HE3(CCMSTP/G),HE3(AT/G),HE4(CCM/G),HE4(CCMSTP/G),HE4(AT/G),HE4(MOLE/G),HE4(NCC/G),HE(NCC/G),Li,Be,B,C,CO2,F,Na,Mg,Al,P,S,Cl,K,Ca,Sc,Ti,V,Cr,Mn,Fe,Co,Ni,Cu,Zn,Ga,Ge,As,Se,Br,Rb,Sr,Y,Zr,Nb,Mo,Ru,Rh,Pd,Ag,Cd,In,Sn,Sb,Te,I,Cs,Ba,La,Ce,Pr,Nd,Sm,Eu,Gd,Tb,Dy,Ho,Er,Tm,Yb,Lu,Hf,Ta,W,Re,Os,Ir,Pt,Au,Hg,Tl,Pb,Bi,Th,U,Nd143/Nd144,Nd143/Nd144 initial,e Nd,Sr87/Sr86,SR87_SR86_INI,PB206_PB204,PB206_PB204_INI,PB207_PB204,PB207_PB204_INI,PB208_PB204,PB208_PB204_INI,OS184_OS188,OS186_OS188,OS187_OS186,OS187_OS188,RE187_OS186,RE187_OS188,HF176_HF177,HE3_HE4,HE3_HE4(R/R(A)),HE4_HE3,HE4_HE3(R/R(A)),K40_AR40,AR40_K40,Unique Id,
[14121],INTRAPLATE VOLCANICS,SIBERIAN CRATON / VERKHOYANSK-KOLYMA FOLD BELT / SETTE-DABAN RIFT,,60,64,136,138,SUBAERIAL,,,s 1-7/P-01 [14121],BASALT [14121],942000000 [14121],1005000000 [14121],,PROTEROZOIC [14121],,,,,VOLCANIC ROCK,,,,,WHOLE_ROCK [14121] ,217357.27500000002,11986.8,,71978.136,,23010.260000000002,76719.51,,56318.36,52464.479999999996,1084.2412000000002,,8301.5,11127.855,654.6315,,,,,,,,,,,,,,,,50900.,,,,,,,,,,,,,,,,,,,,,,,,,,,,21,,190,128,,,29,62,,,,,,,,11,84,18,49,40,,,,,,,,,,,,,278,33.7,72,8.4,29.6,6,1.7,6.8,0.85,4.5,0.8,1.78,0.23,1.43,0.15,2.1,2.7,,,,,,,,,2.3,,3.2,0.9,,,,,,,,,,,,,,,,,,,,,,,,,515311,
[14121],INTRAPLATE VOLCANICS,SIBERIAN CRATON / VERKHOYANSK-KOLYMA FOLD BELT / SETTE-DABAN RIFT,,60,64,136,138,SUBAERIAL,,,s 3-1/P-99 [14121],BASALT [14121],942000000 [14121],1010000000 [14121],,PROTEROZOIC [14121],,,,,VOLCANIC ROCK,,,,,WHOLE_ROCK [14121] ,220863.0375,16062.312,,67955.8284,,28675.399999999998,90399.99,,51243.99,35519.056,1239.1328,,4814.87,27151.9662,916.4841,,,,,,,,,,,,,,,,34100.,,,,,,,,,,,,,,,,,,,,,,,,,,,,39,,301,73,,,45,47,,,,,,,,12,120,28,44,21.9,,,,,,,,,,,,,129,18.4,43.3,5.8,23.2,5.7,1.8,7.1,1.03,6,1.21,3.07,0.42,2.46,0.27,1.7,1.7,,,,,,,,,1.5,,1.5,0.5,,,,,,,,,,,,,,,,,,,,,,,,,515312,
[14121],INTRAPLATE VOLCANICS,SIBERIAN CRATON / VERKHOYANSK-KOLYMA FOLD BELT / SETTE-DABAN RIFT,,60,64,136,138,SUBAERIAL,,,s 311 [14121],NOT GIVEN [14121],942000000 [14121],1010000000 [14121],,PROTEROZOIC [14121],,,,,PLUTONIC ROCK,,,,,WHOLE_ROCK [14121] ,214739.639,23374.26,,75206.56710000001,,43222.92,70734.3,,65680.93,34976.32,3407.6152,,10625.92,20475.2532,3753.2206,,,,,,,,,,,,,,,,7600.,,,,,,,,,,,,,,,,,,,,,,,,,,,,40,,321,202,,,41,94,,,,,,,,28,224,23,92,6.9,,,,,,,,,,,,,149,7.4,18.5,2.8,14.7,3.8,1.6,4.7,0.84,5.7,1.1,3.29,0.48,3.11,0.41,2.3,0.5,,,,,,,,,3.6,,0.7,0.3,,,,,,,,,,,,,,,,,,,,,,,,,515313,
[14121],INTRAPLATE VOLCANICS,SIBERIAN CRATON / VERKHOYANSK-KOLYMA FOLD BELT / SETTE-DABAN RIFT,,60,64,136,138,SUBAERIAL,,,s 315 [14121],NOT GIVEN [14121],942000000 [14121],1010000000 [14121],,PROTEROZOIC [14121],,,,,PLUTONIC ROCK,,,,,WHOLE_ROCK [14121] ,218151.9145,22954.721999999998,,76000.4436,,46580.04,64127.25,,65252.11000000001,35217.536,2168.4824000000003,,10625.92,21068.7388,3404.0838000000003,,,,,,,,,,,,,,,,12300.,,,,,,,,,,,,,,,,,,,,,,,,,,,,51,,384,229,,,50,63,,,,,,,,35,272,29,100,7.7,,,,,,,,,,,,,283,8.2,20.5,3.1,16.1,4.3,1.7,5.2,1,6.7,1.37,4.04,0.6,3.66,0.56,2.7,0.6,,,,,,,,,6.9,,0.7,0.3,,,,,,,,,,,,,,,,,,,,,,,,,515314,
[14121],INTRAPLATE VOLCANICS,SIBERIAN CRATON / VERKHOYANSK-KOLYMA FOLD BELT / SETTE-DABAN RIFT,,60,64,136,138,SUBAERIAL,,,s 265-14K [14121],NOT GIVEN [14121],942000000 [14121],1010000000 [14121],,PROTEROZOIC [14121],,,,,PLUTONIC ROCK,,,,,WHOLE_ROCK [14121] ,228949.663,10368.581999999999,,79387.65000000001,,23150.14,68557.86,,70898.24,37328.176,1703.8076,,8218.485,17507.8252,610.9894,,,,,,,,,,,,,,,,22100.,,,,,,,,,,,,,,,,,,,,,,,,,,,,44,,438,275,,,44,89,,,,,,,,41,302,28,103,8,,,,,,,,,,,,,991,7.9,19.9,3.2,16,4.4,1.7,5.5,0.91,6.5,1.29,3.81,0.52,3.6,0.38,2.8,0.6,,,,,,,,,3.8,,0.7,0.3,,,,,,,,,,,,,,,,,,,,,,,,,515315,
[14121],INTRAPLATE VOLCANICS,SIBERIAN CRATON / VERKHOYANSK-KOLYMA FOLD BELT / SETTE-DABAN RIFT,,60,64,136,138,SUBAERIAL,,,s 262-2K [14121],NOT GIVEN [14121],942000000 [14121],1010000000 [14121],,PROTEROZOIC [14121],,,,,PLUTONIC ROCK,,,,,WHOLE_ROCK [14121] ,225537.3875,10548.384,,77323.5711,,44202.08,55343.76,,83905.78,39257.903999999995,1548.9160000000002,,3154.57,17878.7537,567.3473,,,,,,,,,,,,,,,,12100.,,,,,,,,,,,,,,,,,,,,,,,,,,,,47,,411,166,,,48,81,,,,,,,,9,207,28,116,7,,,,,,,,,,,,,246,6.9,17.6,3.1,14.5,4.2,1.7,5.3,0.93,6.2,1.35,3.91,0.54,3.52,0.47,2.9,0.5,,,,,,,,,2.1,,0.8,0.3,,,,,,,,,,,,,,,,,,,,,,,,,515316,
[14121],INTRAPLATE VOLCANICS,SIBERIAN CRATON / VERKHOYANSK-KOLYMA FOLD BELT / SETTE-DABAN RIFT,,60,64,136,138,SUBAERIAL,,,s 256-7K [14121],DOLERITE [14121],942000000 [14121],1010000000 [14121],,PROTEROZOIC [14121],,,,,PLUTONIC ROCK,,,,,WHOLE_ROCK [14121] ,232502.16900000002,7791.42,,71872.2858,,17764.760000000002,76253.13,,79117.29000000001,39499.119999999995,1548.9160000000002,,4565.825000000001,15727.3684,523.7052,,,,,,,,,,,,,,,,25099.999999999996,,,,,,,,,,,,,,,,,,,,,,,,,,,,43,,322,171,,,43,55,,,,,,,,25,146,25,102,6.5,,,,,,,,,,,,,120,9.1,22.6,3.3,15.8,4.1,1.4,4.7,0.76,5.6,1.16,3.39,0.5,3.07,0.43,2.5,0.5,,,,,,,,,4.8,,1.5,0.5,,,,,,,,,,,,,,,,,,,,,,,,,515317,
[14121],INTRAPLATE VOLCANICS,SIBERIAN CRATON / VERKHOYANSK-KOLYMA FOLD BELT / SETTE-DABAN RIFT,,60,64,136,138,SUBAERIAL,,,s 256-19K [14121],DOLERITE [14121],942000000 [14121],1010000000 [14121],,PROTEROZOIC [14121],,,,,PLUTONIC ROCK,,,,,WHOLE_ROCK [14121] ,233951.2175,7911.288,,72189.8364,,40565.2,57520.200000000004,,54888.96,41067.024,1471.4702,,2158.39,19659.210499999997,654.6315,,,,,,,,,,,,,,,,45100.,,,,,,,,,,,,,,,,,,,,,,,,,,,,43,,329,122,,,44,50,,,,,,,,11,91,20,58,5.3,,,,,,,,,,,,,57,7.9,20.2,3.1,14.7,3.8,1,4.1,0.71,5.1,1,2.98,0.4,2.67,0.38,1.6,0.3,,,,,,,,,32.3,,1.2,0.4,,,,,,,,,,,,,,,,,,,,,,,,,515318,
[14121],INTRAPLATE VOLCANICS,SIBERIAN CRATON / VERKHOYANSK-KOLYMA FOLD BELT / SETTE-DABAN RIFT,,60,64,136,138,SUBAERIAL,,,s 303-3 [14121],DOLERITE [14121],942000000 [14121],1010000000 [14121],,PROTEROZOIC [14121],,,,,PLUTONIC ROCK,,,,,WHOLE_ROCK [14121] ,225256.9265,10788.119999999999,,70178.6826,,25947.739999999998,89156.31000000001,,71827.35,38715.168,2168.4824000000003,,8218.485,15875.739800000001,1047.4104,,,,,,,,,,,,,,,,13100.,,,,,,,,,,,,,,,,,,,,,,,,,,,,50,,390,174,,,50,63,,,,,,,,28,224,29,109,6.6,,,,,,,,,,,,,234,7.8,19.8,3.1,15,4.2,1.7,5.5,0.94,6.3,1.37,4.04,0.6,3.84,0.47,2.8,0.4,,,,,,,,,7.8,,0.6,0.3,,,,,,,,,,,,,,,,,,,,,,,,,515319,
[14121],INTRAPLATE VOLCANICS,SIBERIAN CRATON / VERKHOYANSK-KOLYMA FOLD BELT / SETTE-DABAN RIFT,,60,64,136,138,SUBAERIAL,,,s 264-14K [14121],DOLERITE [14121],942000000 [14121],1010000000 [14121],,PROTEROZOIC [14121],,,,,PLUTONIC ROCK,,,,,WHOLE_ROCK [14121] ,231987.99050000004,14743.764,,69384.8061,,36158.979999999996,75709.02,,47884.9,26352.847999999998,1858.6992,,11207.025000000001,29674.28,2007.5366000000001,,,,,,,,,,,,,,,,29100.,,,,,,,,,,,,,,,,,,,,,,,,,,,,52,,440,76,,,52,27,,,,,,,,31,280,40,183,9.6,,,,,,,,,,,,,588,22.7,49.9,7.6,34.3,8.1,2.3,8.7,1.22,8.6,1.84,5.16,0.73,4.37,0.56,4.6,0.6,,,,,,,,,6.6,,3.5,1.3,,,,,,,,,,,,,,,,,,,,,,,,,515320,
[10582],INTRAPLATE VOLCANICS,SIBERIAN CRATON / ANABAR BLOCK / TOMTOR MASSIF (UZHDAR UPLIFT),,70,70,120,120,SUBAERIAL,,,s 6 [10582],PICRITE [10582],400000000 [10582],400000000 [10582],,DEVONIAN [10582],,,,,VOLCANIC ROCK,,,,,WHOLE_ROCK [10582] ,,,,,,,,,,,,,,,,,,,,,,,,,,,,,,,,,,,,,,,,,,,,,,,,,,,,,,,,,,,,,,,,,,,,,,,,,,94.29,2048,,,,,,,,,,,,,,,,,,,,163.3,29.31,,,,,,,,,,,,,,,,,,,,,,,,0.512349,,,0.704629,,,,,,,,,,,,,,,,,,,,,515415,
[10582],INTRAPLATE VOLCANICS,SIBERIAN CRATON / ANABAR BLOCK / TOMTOR MASSIF (UZHDAR UPLIFT),,70,70,120,120,SUBAERIAL,,,s 7 [10582],ALNÖITE [10582],400000000 [10582],400000000 [10582],,DEVONIAN [10582],,,,,PLUTONIC ROCK,,,,,WHOLE_ROCK [10582] ,,,,,,,,,,,,,,,,,,,,,,,,,,,,,,,,,,,,,,,,,,,,,,,,,,,,,,,,,,,,,,,,,,,,,,,,,,88.55,2717,,,,,,,,,,,,,,,,,,,,77.28,13.34,,,,,,,,,,,,,,,,,,,,,,,,0.512411,,,0.705216,,,,,,,,,,,,,,,,,,,,,515416,
[10582],INTRAPLATE VOLCANICS,SIBERIAN CRATON / ANABAR BLOCK / TOMTOR MASSIF (UZHDAR UPLIFT),,70,70,120,120,SUBAERIAL,,,s 8 [10582],PICRITE [10582],400000000 [10582],400000000 [10582],,DEVONIAN [10582],,,,,VOLCANIC ROCK,,,,,WHOLE_ROCK [10582] ,,,,,,,,,,,,,,,,,,,,,,,,,,,,,,,,,,,,,,,,,,,,,,,,,,,,,,,,,,,,,,,,,,,,,,,,,,99.52,4707,,,,,,,,,,,,,,,,,,,,117,17.96,,,,,,,,,,,,,,,,,,,,,,,,0.512378,,,0.703966,,,,,,,,,,,,,,,,,,,,,515417,
[10582],INTRAPLATE VOLCANICS,SIBERIAN CRATON / ANABAR BLOCK / TOMTOR MASSIF (UZHDAR UPLIFT),,70,70,120,120,SUBAERIAL,,,s 9 [10582],ALNÖITE [10582],400000000 [10582],400000000 [10582],,DEVONIAN [10582],,,,,PLUTONIC ROCK,,,,,WHOLE_ROCK [10582] ,,,,,,,,,,,,,,,,,,,,,,,,,,,,,,,,,,,,,,,,,,,,,,,,,,,,,,,,,,,,,,,,,,,,,,,,,,70.9,4244,,,,,,,,,,,,,,,,,,,,162.2,27.35,,,,,,,,,,,,,,,,,,,,,,,,0.512454,,,0.704803,,,,,,,,,,,,,,,,,,,,,515418,
[10582],INTRAPLATE VOLCANICS,SIBERIAN CRATON / ALDAN-STANOVOI BLOCK / ARBARASTAKH MASSIF,,55,58,120,125,SUBAERIAL,,,s 10 [10582],PICRITE [10582],630000000 [10582],630000000 [10582],,PROTEROZOIC [10582],,,,,VOLCANIC ROCK,,,,,WHOLE_ROCK [10582] ,,,,,,,,,,,,,,,,,,,,,,,,,,,,,,,,,,,,,,,,,,,,,,,,,,,,,,,,,,,,,,,,,,,,,,,,,,39.57,2198,,,,,,,,,,,,,,,,,,,,191.9,43.09,,,,,,,,,,,,,,,,,,,,,,,,0.512605,,,0.703593,,,,,,,,,,,,,,,,,,,,,515419,
[12343],INTRAPLATE VOLCANICS,SIBERIAN CRATON / ALDAN-STANOVOI BLOCK / TOKINSKY STANOVIK / TOK VOLCANIC FIELD,ALONG LOWER NAKIT CREEK NEAR CONFLUENCE WITH RIVER TOK,55.6439,55.6439,130.1025,130.1025,SUBAERIAL,,,s 9501-2 [12343],"HARZBURGITE, XENOLITH [12343]",,,,,,,,,MANTLE XENOLITH,,,,,WHOLE_ROCK [12343] ,204362.58200000002,35.9604,,3334.2813,2257.86,,,61328.969999999994,5145.84,274202.288,983.56166,2585.282,249.045,1038.5998,261.8526,,,,,,,,,,,,,,,,,,,,,,,,,,,,,,2.7,,,,,,,,,,,,,,7.3,42,31,,,,106,2293,3.7,,,,,,,0.088,32.7,0.79,1.56,0.6,,,,,,,,,,,,0.002,3.93,1.56,4.09,0.52,2.32,0.44,0.13,0.35,0.041,0.2,0.03,0.069,0.008,0.047,0.008,0.025,0.017,,,,,,,,,0.15,,0.053,0.03,,,,,,,,,,,,,,,,,,,,,,,,,515474,
[12343],INTRAPLATE VOLCANICS,SIBERIAN CRATON / ALDAN-STANOVOI BLOCK / TOKINSKY STANOVIK / TOK VOLCANIC FIELD,ALONG LOWER NAKIT CREEK NEAR CONFLUENCE WITH RIVER TOK,55.6439,55.6439,130.1025,130.1025,SUBAERIAL,,,s 9501-3 [12343],"HARZBURGITE, XENOLITH [12343]",,,,,,,,,MANTLE XENOLITH,,,,,WHOLE_ROCK [12343] ,203334.225,203.7756,,3704.757,2599.96,,,62339.46,7432.88,272212.256,1022.28456,2475.27,581.105,1335.3426,218.21050000000002,,,,,,,,,,,,,,,,,,,,,,,,,,,,,,,,,,,,,,,,,,,,,,,,,,,,,,,,,,,,,,,,,,,,,,,,,,,,,,,,,,,,,,,,,,,,,,,,,,,,,,,,,,,,,,,,,,,,,,,,,,,,,,,,,515475,
[12343],INTRAPLATE VOLCANICS,SIBERIAN CRATON / ALDAN-STANOVOI BLOCK / TOKINSKY STANOVIK / TOK VOLCANIC FIELD,ALONG LOWER NAKIT CREEK NEAR CONFLUENCE WITH RIVER TOK,55.6439,55.6439,130.1025,130.1025,SUBAERIAL,,,s 9501-13 [12343],"HARZBURGITE, XENOLITH [12343]",,,,,,,,,MANTLE XENOLITH,,,,,WHOLE_ROCK [12343] ,201277.51100000003,191.78879999999998,,4551.5586,2599.96,,,63738.59999999999,5145.84,273116.816,1006.7954,2538.134,166.03,667.6713,174.5684,,,,,,,,,,,,,,,,,,,,,,,,,,,,,,,,,,,,,,,,,,,,,,,,,,,,,,,,,,,,,,,,,,,,,,,,,,,,,,,,,,,,,,,,,,,,,,,,,,,,,,,,,,,,,,,,,,,,,,,,,,,,,,,,,515476,
[12343],INTRAPLATE VOLCANICS,SIBERIAN CRATON / ALDAN-STANOVOI BLOCK / TOKINSKY STANOVIK / TOK VOLCANIC FIELD,ALONG LOWER NAKIT CREEK NEAR CONFLUENCE WITH RIVER TOK,55.6439,55.6439,130.1025,130.1025,SUBAERIAL,,,s 9501-13 [12343],"HARZBURGITE, XENOLITH [12343]",,,,,,,,,MANTLE XENOLITH,,,,,WHOLE_ROCK [12343] ,203661.42950000003,215.76239999999996,,4657.4088,2736.8,,,62417.189999999995,5002.9,275890.8,1022.28456,2600.998,166.03,667.6713,174.5684,,,,,,,,,,,,,,,,,,,,,,,,,,,,,,,,,,,,,,,,,,,,,,,,,,,,,,,,,,,,,,,,,,,,,,,,,,,,,,,,,,,,,,,,,,,,,,,,,,,,,,,,,,,,,,,,,,,,,,,,,,,,,,,,,515477,
[12343],INTRAPLATE VOLCANICS,SIBERIAN CRATON / ALDAN-STANOVOI BLOCK / TOKINSKY STANOVIK / TOK VOLCANIC FIELD,ALONG LOWER NAKIT CREEK NEAR CONFLUENCE WITH RIVER TOK,55.6439,55.6439,130.1025,130.1025,SUBAERIAL,,,s 9502-6 [12343],"LHERZOLITE, XENOLITH [12343]",,,,,,,,,MANTLE XENOLITH,,,,,WHOLE_ROCK [12343] ,208522.75350000002,311.6568,,6615.637500000001,2736.8,,,72910.74,9648.45,250744.03199999998,1130.70868,2121.6600000000003,498.09,1186.9712,174.5684,,,,,,,,,,,,,,,,,,,,,,,,,,,,,,,,,,,,,,,,,,,,,,,,,,,,,,,,,,,,,,,,,,,,,,,,,,,,,,,,,,,,,,,,,,,,,,,,,,,,,,,,,,,,,,,,,,,,,,,,,,,,,,,,,515478,
[12343],INTRAPLATE VOLCANICS,SIBERIAN CRATON / ALDAN-STANOVOI BLOCK / TOKINSKY STANOVIK / TOK VOLCANIC FIELD,ALONG LOWER NAKIT CREEK NEAR CONFLUENCE WITH RIVER TOK,55.6439,55.6439,130.1025,130.1025,SUBAERIAL,,,s 9502-9 [12343],"HARZBURGITE, XENOLITH [12343]",,,,,,,,,MANTLE XENOLITH,,,,,WHOLE_ROCK [12343] ,202399.355,179.802,,3916.4574000000002,2463.12,,,61484.43,5288.78,272996.208,968.0725,2506.702,581.105,890.2284,130.9263,,,,,,,,,,,,,,,,,,,,,,,,,,,,,,,,,,,,,,,,,,,,,,,,,,,,,,,,,,,,,,,,,,,,,,,,,,,,,,,,,,,,,,,,,,,,,,,,,,,,,,,,,,,,,,,,,,,,,,,,,,,,,,,,,515479,
[12343],INTRAPLATE VOLCANICS,SIBERIAN CRATON / ALDAN-STANOVOI BLOCK / TOKINSKY STANOVIK / TOK VOLCANIC FIELD,ALONG LOWER NAKIT CREEK NEAR CONFLUENCE WITH RIVER TOK,55.6439,55.6439,130.1025,130.1025,SUBAERIAL,,,s 9502-9 [12343],"HARZBURGITE, XENOLITH [12343]",,,,,,,,,MANTLE XENOLITH,,,,,WHOLE_ROCK [12343] ,205764.88700000002,209.769,,4022.3076,2668.38,,,60318.479999999996,5145.84,276071.712,952.58334,2545.992,581.105,816.0427,130.9263,,,,,,,,,,,,,,,,,,,,,,,,,,,,,,,,,,,,,,,,,,,,,,,,,,,,,,,,,,,,,,,,,,,,,,,,,,,,,,,,,,,,,,,,,,,,,,,,,,,,,,,,,,,,,,,,,,,,,,,,,,,,,,,,,515480,
[12343],INTRAPLATE VOLCANICS,SIBERIAN CRATON / ALDAN-STANOVOI BLOCK / TOKINSKY STANOVIK / TOK VOLCANIC FIELD,ALONG LOWER NAKIT CREEK NEAR CONFLUENCE WITH RIVER TOK,55.6,55.6,130.1,130.1,SUBAERIAL,,,s 9503-4 [12343],"HARZBURGITE, XENOLITH [12343]",,,,,,,,,MANTLE XENOLITH,,,,,WHOLE_ROCK [12343] ,202352.6115,227.74919999999997,,5821.761,2394.7,,,64593.630000000005,5574.66,264493.344,1068.75204,2373.116,747.135,1112.7855,130.9263,,,,,,,,,,,,,,,,,,,,,,,,,,,,,,,,,,,,,,,,,,,,,,,,,,,,,,,,,,,,,,,,,,,,,,,,,,,,,,,,,,,,,,,,,,,,,,,,,,,,,,,,,,,,,,,,,,,,,,,,,,,,,,,,,515481,
[12343],INTRAPLATE VOLCANICS,SIBERIAN CRATON / ALDAN-STANOVOI BLOCK / TOKINSKY STANOVIK / TOK VOLCANIC FIELD,ALONG LOWER NAKIT CREEK NEAR CONFLUENCE WITH RIVER TOK,55.6,55.6,130.1,130.1,SUBAERIAL,,,s 9503-19 [12343],"LHERZOLITE, XENOLITH [12343]",,,,,,,,,MANTLE XENOLITH,,,,,WHOLE_ROCK [12343] ,207447.65300000002,389.57099999999997,,6880.263000000001,2599.96,,,66614.61,10506.09,257739.296,1192.66532,2231.672,332.06,1261.1569,218.21050000000002,,,,,,,,,,,,,,,,,,,,,,,,,,,,,,1.7703,,,,,,,,,,,,,,7.0377,422.55,40.695,,,,99.797,1957.3,4.6728,,,,,,,0.44412915,50.02239035,1.844143865,9.0103525,1.12207491195945,,,,,,,,,,,,0.0072935,10.5529061,2.23975614,4.94869125,0.609044775,2.73646345,0.5747169,0.189368177536724,0.51779194105891,0.0719237168664968,0.410973150071388,0.0732942841494831,0.190452505578853,0.0259931652894265,0.163896777096278,0.0267862550334036,0.196439409932378,0.053788217788269,,,,,,,,,0.194856,,0.181463525,0.060189565,,,,,,,,,,,,,,,,,,,,,,,,,515482,
[12343],INTRAPLATE VOLCANICS,SIBERIAN CRATON / ALDAN-STANOVOI BLOCK / TOKINSKY STANOVIK / TOK VOLCANIC FIELD,ALONG LOWER NAKIT CREEK NEAR CONFLUENCE WITH RIVER TOK,55.6,55.6,130.1,130.1,SUBAERIAL,,,s 9505-3 [12343],"LHERZOLITE, XENOLITH [12343]",,,,,,,,,MANTLE XENOLITH,,,,,WHOLE_ROCK [12343] ,206045.348,77.9142,,6615.637500000001,2394.7,,,64826.82,14365.47,256472.91199999998,1022.28456,2255.2459999999996,249.045,1854.6425,480.0631,,,,,,,,,,,,,,,,,,,,,,,,,,,,,,,,,,,,,,,,,,,,10.6800880881356,100.2,,,,,,,,,,,,,,,119.091708837209,,0.598088658926174,0.351100640961683,,,,,,,,,,,,0.0008777016,10.7046547277419,9.0054075672,13.853964312,1.212329088,3.8029629384,0.49979921976,0.14967624528,0.34349727816,0.04540849776,0.23842929096,0.04515569568,0.14445687312,0.02166271632,0.15191183232,0.0253937988,0.0155013912,,,,,,,,,,0.34037017848,,0.359016502846154,0.10200714048,,,,,,,,,,,,,,,,,,,,,,,,,515483,
[12343],INTRAPLATE VOLCANICS,SIBERIAN CRATON / ALDAN-STANOVOI BLOCK / TOKINSKY STANOVIK / TOK VOLCANIC FIELD,ALONG LOWER NAKIT CREEK NEAR CONFLUENCE WITH RIVER TOK,55.6397,55.6397,130.0981,130.0981,SUBAERIAL,,,s 9506-0 [12343],"HARZBURGITE, XENOLITH [12343]",,,,,,,,,MANTLE XENOLITH,,,,,WHOLE_ROCK [12343] ,204970.24750000003,95.89439999999999,,4181.0829,2736.8,,,56898.36,5789.070000000001,279267.824,952.58334,2459.554,664.12,890.2284,698.2736,,,,,,,,,,,,,,,,,,,,,,,,,,,,,,,,,,,,,,,,,,,,,,,,,,,,,,,,,,,,,,,,,,,,,,,,,,,,,,,,,,,,,,,,,,,,,,,,,,,,,,,,,,,,,,,,,,,,,,,,,,,,,,,,,515484,
[12343],INTRAPLATE VOLCANICS,SIBERIAN CRATON / ALDAN-STANOVOI BLOCK / TOKINSKY STANOVIK / TOK VOLCANIC FIELD,ALONG LOWER NAKIT CREEK NEAR CONFLUENCE WITH RIVER TOK,55.6397,55.6397,130.0981,130.0981,SUBAERIAL,,,s 9506-1 [12343],"LHERZOLITE, XENOLITH [12343]",,,,,,,,,MANTLE XENOLITH,,,,,WHOLE_ROCK [12343] ,210672.95450000002,970.9308,,20852.489400000002,2257.86,,,64671.36,25371.85,229275.80800000002,1061.00746,1854.4879999999998,83.015,2448.1281,87.2842,,,,,,,,,,,,,,,,,,,,,,,,,,,,,,,,,,,,,,,,,,,,,,,,,,,,,,,,,,,,,,,,,,,,,,,,,,,,,,,,,,,,,,,,,,,,,,,,,,,,,,,,,,,,,,,,,,,,,,,,,,,,,,,,,515485,
[12343],INTRAPLATE VOLCANICS,SIBERIAN CRATON / ALDAN-STANOVOI BLOCK / TOKINSKY STANOVIK / TOK VOLCANIC FIELD,ALONG LOWER NAKIT CREEK NEAR CONFLUENCE WITH RIVER TOK,55.6397,55.6397,130.0981,130.0981,SUBAERIAL,,,s 9506-2 [12343],"LHERZOLITE, XENOLITH [12343]",,,,,,,,,MANTLE XENOLITH,,,,,WHOLE_ROCK [12343] ,211000.159,976.9241999999999,,21064.1898,2257.86,,,64282.71,25872.14,228491.856,1061.00746,1830.914,166.03,2596.4995,87.2842,,,,,,,,,,,,,,,,,,,,,,,,,,,,,,,,,,,,,,,,,,,,,,,,,,,,,,,,,,,,,,,,,,,,,,,,,,,,,,,,,,,,,,,,,,,,,,,,,,,,,,,,,,,,,,,,,,,,,,,,,,,,,,,,,515486,
[12343],INTRAPLATE VOLCANICS,SIBERIAN CRATON / ALDAN-STANOVOI BLOCK / TOKINSKY STANOVIK / TOK VOLCANIC FIELD,ALONG LOWER NAKIT CREEK NEAR CONFLUENCE WITH RIVER TOK,55.6397,55.6397,130.0981,130.0981,SUBAERIAL,,,s 9506-3 [12343],"LHERZOLITE, XENOLITH [12343]",,,,,,,,,MANTLE XENOLITH,,,,,WHOLE_ROCK [12343] ,217918.19700000001,287.6832,,12807.8742,2599.96,,,57442.469999999994,17224.27,243085.424,1014.53998,1995.932,332.06,1780.4568,87.2842,,,,,,,,,,,,,,,,,,,,,,,,,,,,,,,,,,,,,,,,,,,,10.7752334525424,311.711151079137,,,,,,,,,,,,,,,19.4412453186047,,5.22562160083893,0.712750743846732,,,,,,,,,,,,0.00337947212,6.54965313913978,0.92180346496,2.2157251392,0.31010959432,1.3727144464,0.28681534,0.10290870284,0.33536377016,0.04465363212,0.2608281471,0.05045255142,0.15508294774,0.02381258564,0.17215562334,0.02720307756,0.15489210484,,,,,,,,,,0.23056096406,,0.07096876425,0.02329996458,,,,,,,,,,,,,,,,,,,,,,,,,515487,
[12343],INTRAPLATE VOLCANICS,SIBERIAN CRATON / ALDAN-STANOVOI BLOCK / TOKINSKY STANOVIK / TOK VOLCANIC FIELD,ALONG LOWER NAKIT CREEK NEAR CONFLUENCE WITH RIVER TOK,55.6397,55.6397,130.0981,130.0981,SUBAERIAL,,,s 9506-3 [12343],"LHERZOLITE, XENOLITH [12343]",,,,,,,,,MANTLE XENOLITH,,,,,WHOLE_ROCK [12343] ,218338.88850000003,317.6502,,13072.499700000002,2805.22,,,56976.090000000004,16866.92,241095.39199999996,999.05082,2066.654,249.045,1557.8997,87.2842,,,,,,,,,,,,,,,,,,,,,,,,,,,,,,,,,,,,,,,,,,,,,,,,,,,,,,,,,,,,,,,,,,,,,,,,,,,,,,,,,,,,,,,,,,,,,,,,,,,,,,,,,,,,,,,,,,,,,,,,,,,,,,,,,515488,
[12343],INTRAPLATE VOLCANICS,SIBERIAN CRATON / ALDAN-STANOVOI BLOCK / TOKINSKY STANOVIK / TOK VOLCANIC FIELD,ALONG LOWER NAKIT CREEK NEAR CONFLUENCE WITH RIVER TOK,55.6,55.6,130.1,130.1,SUBAERIAL,,,s 9507-1 [12343],"LHERZOLITE, XENOLITH [12343]",,,,,,,,,MANTLE XENOLITH,,,,,WHOLE_ROCK [12343] ,204362.58200000002,239.736,,4339.8582,2668.38,,,62883.57,8147.579999999999,272513.77599999995,1014.53998,2459.554,249.045,1186.9712,218.21050000000002,,,,,,,,,,,,,,,,,,,,,,,,,,,,,,,,,,,,,,,,,,,,,,,,,,,,,,,,,,,,,,,,,,,,,,,,,,,,,,,,,,,,,,,,,,,,,,,,,,,,,,,,,,,,,,,,,,,,,,,,,,,,,,,,,515489,
[12343],INTRAPLATE VOLCANICS,SIBERIAN CRATON / ALDAN-STANOVOI BLOCK / TOKINSKY STANOVIK / TOK VOLCANIC FIELD,ALONG LOWER NAKIT CREEK NEAR CONFLUENCE WITH RIVER TOK,55.6,55.6,130.1,130.1,SUBAERIAL,,,s 9507-5 [12343],"LHERZOLITE, XENOLITH [12343]",,,,,,,,,MANTLE XENOLITH,,,,,WHOLE_ROCK [12343] ,210813.18500000003,617.3201999999999,,17676.9834,2531.54,,,62261.729999999996,22012.760000000002,238200.8,1037.7737200000001,1917.3519999999999,166.03,2003.0139000000001,43.6421,,,,,,,,,,,,,,,,,,,,,,,,,,,,,,1.443,,,,,,,,,,,,,,13.252,739.835,70.832,,,,95.302,1848.7,10.531,,,,,,,0.10980915,17.53039035,2.765243865,4.0728525,0.332956668953808,,,,,,,,,,,,0.0017054,6.7511061,0.76402614,1.60139125,0.190904775,0.87018345,0.2425669,0.0979389775115275,0.358369561744996,0.0667922486791524,0.497098325249179,0.111515564293435,0.339848771225714,0.0496612981128571,0.335337480065225,0.0566403732581882,0.130606141458151,0.00806241225739125,,,,,,,,,0.206006,,0.091925525,0.030634565,,,,,,,,,,,,,,,,,,,,,,,,,515490,
[12343],INTRAPLATE VOLCANICS,SIBERIAN CRATON / ALDAN-STANOVOI BLOCK / TOKINSKY STANOVIK / TOK VOLCANIC FIELD,ALONG LOWER NAKIT CREEK NEAR CONFLUENCE WITH RIVER TOK,55.6439,55.6439,130.1025,130.1025,SUBAERIAL,,,s 9508-1 [12343],"LHERZOLITE, XENOLITH [12343]",,,,,,,,,MANTLE XENOLITH,,,,,WHOLE_ROCK [12343] ,205157.2215,341.6238,,8679.7164,2599.96,,,65215.47,11292.26,262020.88,1030.02914,2263.104,581.105,1335.3426,130.9263,,,,,,,,,,,,,,,,,,,,,,,,,,,,,,,,,,,,,,,,,,,,,,,,,,,,,,,,,,,,,,,,,,,,,,,,,,,,,,,,,,,,,,,,,,,,,,,,,,,,,,,,,,,,,,,,,,,,,,,,,,,,,,,,,515491,
[12343],INTRAPLATE VOLCANICS,SIBERIAN CRATON / ALDAN-STANOVOI BLOCK / TOKINSKY STANOVIK / TOK VOLCANIC FIELD,ALONG LOWER NAKIT CREEK NEAR CONFLUENCE WITH RIVER TOK,55.6439,55.6439,130.1025,130.1025,SUBAERIAL,,,s 9508-2 [12343],"LHERZOLITE, XENOLITH [12343]",,,,,,,,,MANTLE XENOLITH,,,,,WHOLE_ROCK [12343] ,206512.78300000002,95.89439999999999,,6668.5626,2531.54,,,63971.79,9362.57,265277.296,1014.53998,2333.826,249.045,1261.1569,218.21050000000002,,,,,,,,,,,,,,,,,,,,,,,,,,,,,,,,,,,,,,,,,,,,,,,,,,,,,,,,,,,,,,,,,,,,,,,,,,,,,,,,,,,,,,,,,,,,,,,,,,,,,,,,,,,,,,,,,,,,,,,,,,,,,,,,,515492,
[12343],INTRAPLATE VOLCANICS,SIBERIAN CRATON / ALDAN-STANOVOI BLOCK / TOKINSKY STANOVIK / TOK VOLCANIC FIELD,ALONG LOWER NAKIT CREEK NEAR CONFLUENCE WITH RIVER TOK,55.6439,55.6439,130.1025,130.1025,SUBAERIAL,,,s 9508-3 [12343],"HARZBURGITE, XENOLITH [12343]",,,,,,,,,MANTLE XENOLITH,,,,,WHOLE_ROCK [12343] ,207167.192,437.5181999999999,,6033.4614,2668.38,,,67547.37,7504.35,264252.12799999997,1099.7303599999998,2341.6839999999997,747.135,1186.9712,218.21050000000002,,,,,,,,,,,,,,,,,,,,,,,,,,,,,,,,,,,,,,,,,,,,,,,,,,,,,,,,,,,,,,,,,,,,,,,,,,,,,,,,,,,,,,,,,,,,,,,,,,,,,,,,,,,,,,,,,,,,,,,,,,,,,,,,,515493,
[12343],INTRAPLATE VOLCANICS,SIBERIAN CRATON / ALDAN-STANOVOI BLOCK / TOKINSKY STANOVIK / TOK VOLCANIC FIELD,ALONG LOWER NAKIT CREEK NEAR CONFLUENCE WITH RIVER TOK,55.6439,55.6439,130.1025,130.1025,SUBAERIAL,,,s 9508-5 [12343],"LHERZOLITE, XENOLITH [12343]",,,,,,,,,MANTLE XENOLITH,,,,,WHOLE_ROCK [12343] ,207915.088,527.4191999999999,,13760.526000000002,2394.7,,,64204.979999999996,16223.69,248633.39199999996,1045.5183,2105.944,249.045,1780.4568,130.9263,,,,,,,,,,,,,,,,,,,,,,,,,,,,,,,,,,,,,,,,,,,,,,,,,,,,,,,,,,,,,,,,,,,,,,,,,,,,,,,,,,,,,,,,,,,,,,,,,,,,,,,,,,,,,,,,,,,,,,,,,,,,,,,,,515494,
[12343],INTRAPLATE VOLCANICS,SIBERIAN CRATON / ALDAN-STANOVOI BLOCK / TOKINSKY STANOVIK / TOK VOLCANIC FIELD,ALONG LOWER NAKIT CREEK NEAR CONFLUENCE WITH RIVER TOK,55.6439,55.6439,130.1025,130.1025,SUBAERIAL,,,s 9508-6 [12343],"LHERZOLITE, XENOLITH [12343]",,,,,,,,,MANTLE XENOLITH,,,,,WHOLE_ROCK [12343] ,208943.44500000004,839.076,,18947.185800000003,2463.12,,,64904.549999999996,22870.4,234703.168,1053.26288,1925.21,249.045,2596.4995,87.2842,,,,,,,,,,,,,,,,,,,,,,,,,,,,,,2.3713,,,,,,,,,,,,,,15.032,1098.125,79.239,,,,106.6,2083.7,17.06,,,,,,,0.15151915,28.59439035,3.373443865,8.8446525,0.570825004492897,,,,,,,,,,,,0.0020402,2.2610061,1.07165614,2.62669125,0.338644775,1.62266345,0.4245669,0.161397486393337,0.540150160088045,0.0912492507054362,0.634505786504073,0.134558444148075,0.395632778051337,0.0579973015256687,0.371517469015436,0.062306037816928,0.252082523308051,0.0325329404529538,,,,,,,,,0.136896,,0.079914525,0.028499565,,,,,,,,,,,,,,,,,,,,,,,,,515495,
[12343],INTRAPLATE VOLCANICS,SIBERIAN CRATON / ALDAN-STANOVOI BLOCK / TOKINSKY STANOVIK / TOK VOLCANIC FIELD,ALONG LOWER NAKIT CREEK NEAR CONFLUENCE WITH RIVER TOK,55.6439,55.6439,130.1025,130.1025,SUBAERIAL,,,s 9508-7 [12343],"HARZBURGITE, XENOLITH [12343]",,,,,,,,,MANTLE XENOLITH,,,,,WHOLE_ROCK [12343] ,205811.63050000003,191.78879999999998,,4816.1841,2942.06,,,61795.35,8004.64,270523.744,991.30624,2357.4,664.12,1186.9712,261.8526,,,,,,,,,,,,,,,,,,,,,,,,,,,,,,,,,,,,,,,,,,,,,,,,,,,,,,,,,,,,,,,,,,,,,,,,,,,,,,,,,,,,,,,,,,,,,,,,,,,,,,,,,,,,,,,,,,,,,,,,,,,,,,,,,515496,
[12343],INTRAPLATE VOLCANICS,SIBERIAN CRATON / ALDAN-STANOVOI BLOCK / TOKINSKY STANOVIK / TOK VOLCANIC FIELD,ALONG LOWER NAKIT CREEK NEAR CONFLUENCE WITH RIVER TOK,55.6439,55.6439,130.1025,130.1025,SUBAERIAL,,,s 9508-8 [12343],"HARZBURGITE, XENOLITH [12343]",,,,,,,,,MANTLE XENOLITH,,,,,WHOLE_ROCK [12343] ,208616.2405,377.58419999999995,,5715.910800000001,2668.38,,,65370.93,6646.71,265337.6,1061.00746,2310.252,498.09,964.4141,174.5684,,,,,,,,,,,,,,,,,,,,,,,,,,,,,,,,,,,,,,,,,,,,,,,,,,,,,,,,,,,,,,,,,,,,,,,,,,,,,,,,,,,,,,,,,,,,,,,,,,,,,,,,,,,,,,,,,,,,,,,,,,,,,,,,,515497,
[12343],INTRAPLATE VOLCANICS,SIBERIAN CRATON / ALDAN-STANOVOI BLOCK / TOKINSKY STANOVIK / TOK VOLCANIC FIELD,ALONG LOWER NAKIT CREEK NEAR CONFLUENCE WITH RIVER TOK,55.6439,55.6439,130.1025,130.1025,SUBAERIAL,,,s 9508-11 [12343],"HARZBURGITE, XENOLITH [12343]",,,,,,,,,MANTLE XENOLITH,,,,,WHOLE_ROCK [12343] ,205484.426,185.7954,,3969.3825,2531.54,,,61484.43,7218.47,274925.936,1014.53998,2475.27,249.045,964.4141,174.5684,,,,,,,,,,,,,,,,,,,,,,,,,,,,,,,,,,,,,,,,,,,,,,,,,,,,,,,,,,,,,,,,,,,,,,,,,,,,,,,,,,,,,,,,,,,,,,,,,,,,,,,,,,,,,,,,,,,,,,,,,,,,,,,,,515498,
[12343],INTRAPLATE VOLCANICS,SIBERIAN CRATON / ALDAN-STANOVOI BLOCK / TOKINSKY STANOVIK / TOK VOLCANIC FIELD,ALONG LOWER NAKIT CREEK NEAR CONFLUENCE WITH RIVER TOK,55.6439,55.6439,130.1025,130.1025,SUBAERIAL,,,s 9508-31 [12343],"HARZBURGITE, XENOLITH [12343]",,,,,,,,,MANTLE XENOLITH,,,,,WHOLE_ROCK [12343] ,206886.731,125.8614,,5398.3602,2531.54,,,57908.85,7647.290000000001,271971.04,1006.7954,2420.264,581.105,1854.6425,349.1368,,,,,,,,,,,,,,,,,,,,,,,,,,,,,,,,,,,,,,,,,,,,,,,,,,,,,,,,,,,,,,,,,,,,,,,,,,,,,,,,,,,,,,,,,,,,,,,,,,,,,,,,,,,,,,,,,,,,,,,,,,,,,,,,,515499,
[12343],INTRAPLATE VOLCANICS,SIBERIAN CRATON / ALDAN-STANOVOI BLOCK / TOKINSKY STANOVIK / TOK VOLCANIC FIELD,ALONG LOWER NAKIT CREEK NEAR CONFLUENCE WITH RIVER TOK,55.6439,55.6439,130.1025,130.1025,SUBAERIAL,,,s 9508-31 [12343],"HARZBURGITE, XENOLITH [12343]",,,,,,,,,MANTLE XENOLITH,,,,,WHOLE_ROCK [12343] ,206980.21800000002,179.802,,5874.686100000001,2736.8,,,57520.200000000004,7218.47,271066.48,1014.53998,2435.98,581.105,1335.3426,305.4947,,,,,,,,,,,,,,,,,,,,,,,,,,,,,,,,,,,,,,,,,,,,,,,,,,,,,,,,,,,,,,,,,,,,,,,,,,,,,,,,,,,,,,,,,,,,,,,,,,,,,,,,,,,,,,,,,,,,,,,,,,,,,,,,,515500,
[12343],INTRAPLATE VOLCANICS,SIBERIAN CRATON / ALDAN-STANOVOI BLOCK / TOKINSKY STANOVIK / TOK VOLCANIC FIELD,ALONG LOWER NAKIT CREEK NEAR CONFLUENCE WITH RIVER TOK,55.6439,55.6439,130.1025,130.1025,SUBAERIAL,,,s 9508-39 [12343],"LHERZOLITE, XENOLITH [12343]",,,,,,,,,MANTLE XENOLITH,,,,,WHOLE_ROCK [12343] ,210299.00650000002,970.9308,,20746.6392,2394.7,,,64438.16999999999,25729.2,227647.59999999998,1061.00746,1854.4879999999998,415.07500000000005,2744.8709,130.9263,,,,,,,,,,,,,,,,,,,,,,,,,,,,,,,,,,,,,,,,,,,,15.1151393491525,950.94964028777,,,,,,,,,,,,,,,20.2063563697674,,7.03892282365772,0.3923702562284,,,,,,,,,,,,0.00030119052,3.94204702774194,0.929420826,2.126519424,0.23604778752,1.074515163,0.33961914732,0.14196466686,0.55891415742,0.0910926105,0.61710423966,0.13567535508,0.40797934338,0.0611031276,0.41387911788,0.05921344758,0.22968101094,,,,,,,,,,0.1791299724,,0.146085435980769,0.06037449738,,,,,,,,,,,,,,,,,,,,,,,,,515501,
[12343],INTRAPLATE VOLCANICS,SIBERIAN CRATON / ALDAN-STANOVOI BLOCK / TOKINSKY STANOVIK / TOK VOLCANIC FIELD,ALONG LOWER NAKIT CREEK NEAR CONFLUENCE WITH RIVER TOK,55.6439,55.6439,130.1025,130.1025,SUBAERIAL,,,s 9508-40 [12343],"HARZBURGITE, XENOLITH [12343]",,,,,,,,,MANTLE XENOLITH,,,,,WHOLE_ROCK [12343] ,205250.7085,179.802,,4551.5586,2942.06,,,59696.64,7147,271971.04,937.0941799999999,2498.844,581.105,890.2284,698.2736,,,,,,,,,,,,,,,,,,,,,,,,,,,,,,,,,,,,,,,,,,,,10.8080799118644,169.34964028777,,,,,,,,,,,,,,,76.8892824465116,,1.70901655167785,0.638579297610819,,,,,,,,,,,,0.01333359808,10.6803974365591,6.75896378,14.950922328,1.7036165784,6.1535906024,0.8308801436,0.23548958192,0.59892323112,0.06676464688,0.3027187756,0.04468844136,0.11302928064,0.0133834636,0.08858643256,0.01182446952,0.05439770968,,,,,,,,,,0.65166865304,,0.167646850923077,0.08760843424,,,,,,,,,,,,,,,,,,,,,,,,,515502,
[12343],INTRAPLATE VOLCANICS,SIBERIAN CRATON / ALDAN-STANOVOI BLOCK / TOKINSKY STANOVIK / TOK VOLCANIC FIELD,ALONG LOWER NAKIT CREEK NEAR CONFLUENCE WITH RIVER TOK,55.6439,55.6439,130.1025,130.1025,SUBAERIAL,,,s 9508-50 [12343],"HARZBURGITE, XENOLITH [12343]",,,,,,,,,MANTLE XENOLITH,,,,,WHOLE_ROCK [12343] ,204783.27350000004,281.6898,,6033.4614,2599.96,,,62650.380000000005,6861.12,273538.94399999996,983.56166,2459.554,249.045,741.857,174.5684,,,,,,,,,,,,,,,,,,,,,,,,,,,,,,,,,,,,,,,,,,,,,,,,,,,,,,,,,,,,,,,,,,,,,,,,,,,,,,,,,,,,,,,,,,,,,,,,,,,,,,,,,,,,,,,,,,,,,,,,,,,,,,,,,515503,
[12343],INTRAPLATE VOLCANICS,SIBERIAN CRATON / ALDAN-STANOVOI BLOCK / TOKINSKY STANOVIK / TOK VOLCANIC FIELD,ALONG LOWER NAKIT CREEK NEAR CONFLUENCE WITH RIVER TOK,55.6289,55.6289,130.1019,130.1019,SUBAERIAL,,,s 9510-2 [12343],"HARZBURGITE, XENOLITH [12343]",,,,,,,,,MANTLE XENOLITH,,,,,WHOLE_ROCK [12343] ,206092.09150000004,245.7294,,4234.008000000001,2805.22,,,59074.799999999996,6861.12,275348.06399999995,1030.02914,2435.98,415.07500000000005,1780.4568,261.8526,,,,,,,,,,,,,,,,,,,,,,,,,,,,,,3.5028,,,,,,,,,,,,,,5.4041,283.755,28.794,,,,111.16,2377.3,3.8081,,,,,,,0.32164915,45.40739035,1.743243865,9.3968525,4.07039560993918,,,,,,,,,,,,0.0034555,10.2649061,1.90045614,4.81059125,0.636724775,3.02076345,0.6545569,0.212423161068931,0.57702387137368,0.0756150455876223,0.413142843330392,0.070107479463394,0.173735795890956,0.0222328104454778,0.130080706378755,0.0211426411220098,0.119120510189187,0.144587352068951,,,,,,,,,0.090036,,0.076323525,0.031424565,,,,,,,,,,,,,,,,,,,,,,,,,515504,
[12343],INTRAPLATE VOLCANICS,SIBERIAN CRATON / ALDAN-STANOVOI BLOCK / TOKINSKY STANOVIK / TOK VOLCANIC FIELD,ALONG LOWER NAKIT CREEK NEAR CONFLUENCE WITH RIVER TOK,55.6289,55.6289,130.1019,130.1019,SUBAERIAL,,,s 9510-4 [12343],"HARZBURGITE, XENOLITH [12343]",,,,,,,,,MANTLE XENOLITH,,,,,WHOLE_ROCK [12343] ,204549.556,143.8416,,4075.2327000000005,2463.12,,,61562.159999999996,4645.55,277157.184,1022.28456,2561.708,415.07500000000005,1186.9712,218.21050000000002,,,,,,,,,,,,,,,,,,,,,,,,,,,,,,,,,,,,,,,,,,,,,,,,,,,,,,,,,,,,,,,,,,,,,,,,,,,,,,,,,,,,,,,,,,,,,,,,,,,,,,,,,,,,,,,,,,,,,,,,,,,,,,,,,515505,
[12343],INTRAPLATE VOLCANICS,SIBERIAN CRATON / ALDAN-STANOVOI BLOCK / TOKINSKY STANOVIK / TOK VOLCANIC FIELD,ALONG LOWER NAKIT CREEK NEAR CONFLUENCE WITH RIVER TOK,55.6289,55.6289,130.1019,130.1019,SUBAERIAL,,,s 9510-8 [12343],"HARZBURGITE, XENOLITH [12343]",,,,,,,,,MANTLE XENOLITH,,,,,WHOLE_ROCK [12343] ,203100.50750000004,161.8218,,4181.0829,2599.96,,,65215.47,7289.9400000000005,272151.952,1022.28456,2435.98,249.045,1409.5283,174.5684,,,,,,,,,,,,,,,,,,,,,,,,,,,,,,,,,,,,,,,,,,,,,,,,,,,,,,,,,,,,,,,,,,,,,,,,,,,,,,,,,,,,,,,,,,,,,,,,,,,,,,,,,,,,,,,,,,,,,,,,,,,,,,,,,515506,
[12343],INTRAPLATE VOLCANICS,SIBERIAN CRATON / ALDAN-STANOVOI BLOCK / TOKINSKY STANOVIK / TOK VOLCANIC FIELD,ALONG LOWER NAKIT CREEK NEAR CONFLUENCE WITH RIVER TOK,55.6289,55.6289,130.1019,130.1019,SUBAERIAL,,,s 9510-16 [12343],"LHERZOLITE, XENOLITH [12343]",,,,,,,,,MANTLE XENOLITH,,,,,WHOLE_ROCK [12343] ,205016.991,269.703,,4763.259,2599.96,,,69646.08,8504.93,265880.336,1061.00746,2325.968,166.03,1483.714,87.2842,,,,,,,,,,,,,,,,,,,,,,,,,,,,,,,,,,,,,,,,,,,,,,,,,,,,,,,,,,,,,,,,,,,,,,,,,,,,,,,,,,,,,,,,,,,,,,,,,,,,,,,,,,,,,,,,,,,,,,,,,,,,,,,,,515507,
[12343],INTRAPLATE VOLCANICS,SIBERIAN CRATON / ALDAN-STANOVOI BLOCK / TOKINSKY STANOVIK / TOK VOLCANIC FIELD,ALONG LOWER NAKIT CREEK NEAR CONFLUENCE WITH RIVER TOK,55.6289,55.6289,130.1019,130.1019,SUBAERIAL,,,s 9510-17 [12343],"HARZBURGITE, XENOLITH [12343]",,,,,,,,,MANTLE XENOLITH,,,,,WHOLE_ROCK [12343] ,202446.09850000002,323.6436,,8679.7164,2599.96,,,65681.84999999999,6575.240000000001,269197.056,1014.53998,2310.252,166.03,816.0427,87.2842,,,,,,,,,,,,,,,,,,,,,,,,,,,,,,,,,,,,,,,,,,,,8.71876414067797,330.568705035971,,,,,,,,,,,,,,,7.04561645302326,,3.50255433171141,0.366244775702479,,,,,,,,,,,,0.00860202432,5.20034013870968,0.3611885058,0.9280784592,0.1245097026,0.57584091888,0.13568858586,0.0491102541,0.168196158,0.02593482084,0.15897954816,0.03109623462,0.10284429546,0.01399675968,0.11583578952,0.01684804536,0.1085094738,,,,,,,,,,0.17631334062,,0.0227647159615385,0.0144356976,,,,,,,,,,,,,,,,,,,,,,,,,515508,
[12343],INTRAPLATE VOLCANICS,SIBERIAN CRATON / ALDAN-STANOVOI BLOCK / TOKINSKY STANOVIK / TOK VOLCANIC FIELD,ALONG LOWER NAKIT CREEK NEAR CONFLUENCE WITH RIVER TOK,55.6289,55.6289,130.1019,130.1019,SUBAERIAL,,,s 9510-19 [12343],"HARZBURGITE, XENOLITH [12343]",,,,,,,,,MANTLE XENOLITH,,,,,WHOLE_ROCK [12343] ,206980.21800000002,149.835,,4710.3339000000005,2805.22,,,61095.780000000006,7647.290000000001,270523.744,1006.7954,2412.406,83.015,816.0427,610.9894,,,,,,,,,,,,,,,,,,,,,,,,,,,,,,,,,,,,,,,,,,,,,,,,,,,,,,,,,,,,,,,,,,,,,,,,,,,,,,,,,,,,,,,,,,,,,,,,,,,,,,,,,,,,,,,,,,,,,,,,,,,,,,,,,515509,
[12344],INTRAPLATE VOLCANICS,SIBERIAN CRATON / ALDAN-STANOVOI BLOCK / TOKINSKY STANOVIK / TOK VOLCANIC FIELD,ALONG LOWER NAKIT CREEK NEAR CONFLUENCE WITH RIVER TOK,55.6439,55.6439,130.1025,130.1025,SUBAERIAL,,,s 9502-1 [12344],"WEHRLITE, XENOLITH [12344]",,,,,,,,,MANTLE XENOLITH,,,,,WHOLE_ROCK [12344] ,197070.596,1078.812,,8415.090900000001,2121.02,12449.32,70112.45999999999,,28802.410000000003,236994.71999999997,1703.8076,2200.2400000000002,498.09,3115.7994,218.21050000000002,,,,,,,,,,,,,,,,5600.000000000001,,,,,,,,,,,,,,,,,,,,,,,,,,,,,,,,,,,,,,,,,,,,,,,,,,,,,,,,,,,,,,,,,,,,,,,,,,,,,,,,,,,,,,,,,,,,,,,,,,,,,,,,,,,,,,,,,515681,
[12344],INTRAPLATE VOLCANICS,SIBERIAN CRATON / ALDAN-STANOVOI BLOCK / TOKINSKY STANOVIK / TOK VOLCANIC FIELD,ALONG LOWER NAKIT CREEK NEAR CONFLUENCE WITH RIVER TOK,55.6439,55.6439,130.1025,130.1025,SUBAERIAL,,,s 9502-2 [12344],"WEHRLITE, XENOLITH [12344]",,,,,,,,,MANTLE XENOLITH,,,,,WHOLE_ROCK [12344] ,199594.74500000002,1018.878,,8415.090900000001,2599.96,9232.08,66303.68999999999,,20154.539999999997,246703.66399999996,1471.4702,2200.2400000000002,498.09,2596.4995,130.9263,,,,,,,,,,,,,,,,6100.,,,,,,,,,,,,,,,,,,,,,,,,,,,,,,,,,,,,,,,,,,,,,,,,,,,,,,,,,,,,,,,,,,,,,,,,,,,,,,,,,,,,,,,,,,,,,,,,,,,,,,,,,,,,,,,,,515682,
[12344],INTRAPLATE VOLCANICS,SIBERIAN CRATON / ALDAN-STANOVOI BLOCK / TOKINSKY STANOVIK / TOK VOLCANIC FIELD,ALONG LOWER NAKIT CREEK NEAR CONFLUENCE WITH RIVER TOK,55.6439,55.6439,130.1025,130.1025,SUBAERIAL,,,s 9502-3 [12344],"LHERZOLITE, XENOLITH [12344]",,,,,,,,,MANTLE XENOLITH,,,,,WHOLE_ROCK [12344] ,199407.771,1198.68,,8203.390500000001,2463.12,8322.859999999999,69024.24,,17438.68,247547.91999999995,1394.0244,2435.98,830.1500000000001,2522.3138,218.21050000000002,,,,,,,,,,,,,,,,6899.999999999999,,,,,,,,,,,,,,,,,,,,,,,,,,,,,,,,,,,,,,,,,,,,,,,,,,,,,,,,,,,,,,,,,,,,,,,,,,,,,,,,,,,,,,,,,,,,,,,,,,,,,,,,,,,,,,,,,515683,
[12344],INTRAPLATE VOLCANICS,SIBERIAN CRATON / ALDAN-STANOVOI BLOCK / TOKINSKY STANOVIK / TOK VOLCANIC FIELD,ALONG LOWER NAKIT CREEK NEAR CONFLUENCE WITH RIVER TOK,55.6439,55.6439,130.1025,130.1025,SUBAERIAL,,,s 9502-4 [12344],"WEHRLITE, XENOLITH [12344]",,,,,,,,,MANTLE XENOLITH,,,,,WHOLE_ROCK [12344] ,197491.2875,1018.878,,8732.6415,2326.28,6714.24,74543.06999999999,,22870.4,241095.39199999996,1471.4702,2278.8199999999997,747.135,2819.0566,261.8526,,,,,,,,,,,,,,,,7300.,,,,,,,,,,,,,,,,,,,,,,,,,,,,,,,,,,,,,,,,,,,,,,,,,,,,,,,,,,,,,,,,,,,,,,,,,,,,,,,,,,,,,,,,,,,,,,,,,,,,,,,,,,,,,,,,,515684,
[12344],INTRAPLATE VOLCANICS,SIBERIAN CRATON / ALDAN-STANOVOI BLOCK / TOKINSKY STANOVIK / TOK VOLCANIC FIELD,ALONG LOWER NAKIT CREEK NEAR CONFLUENCE WITH RIVER TOK,55.6439,55.6439,130.1025,130.1025,SUBAERIAL,,,s 9502-10 [12344],"LHERZOLITE, XENOLITH [12344]",,,,,,,,,MANTLE XENOLITH,,,,,WHOLE_ROCK [12344] ,204082.121,1618.218,,17782.8336,2394.7,10770.76,62494.91999999999,,25657.73,227346.08000000002,1316.5786,2121.6600000000003,1245.225,3709.285,174.5684,,,,,,,,,,,,,,,,7500.,,,,,,,,,,,,,,,,,,,,,,,,,,,,,,,,,,,,,,,,,,,,,,,,,,,,,,,,,,,,,,,,,,,,,,,,,,,,,,,,,,,,,,,,,,,,,,,,,,,,,,,,,,,,,,,,,515685,
[12344],INTRAPLATE VOLCANICS,SIBERIAN CRATON / ALDAN-STANOVOI BLOCK / TOKINSKY STANOVIK / TOK VOLCANIC FIELD,ALONG LOWER NAKIT CREEK NEAR CONFLUENCE WITH RIVER TOK,55.6,55.6,130.1,130.1,SUBAERIAL,,,s 9503-2 [12344],"LHERZOLITE, XENOLITH [12344]",,,,,,,,,MANTLE XENOLITH,,,,,WHOLE_ROCK [12344] ,197584.77450000003,1078.812,,7303.663799999999,2463.12,5385.38,67314.18000000001,,20654.83,252492.84799999997,1394.0244,2357.4,747.135,3189.9851,218.21050000000002,,,,,,,,,,,,,,,,6600.,,,,,,,,,,,,,,,,,,,,,,,,,,,,,,,,,,,,,,,,,,,,,,,,,,,,,,,,,,,,,,,,,,,,,,,,,,,,,,,,,,,,,,,,,,,,,,,,,,,,,,,,,,,,,,,,,515686,
[12344],INTRAPLATE VOLCANICS,SIBERIAN CRATON / ALDAN-STANOVOI BLOCK / TOKINSKY STANOVIK / TOK VOLCANIC FIELD,ALONG LOWER NAKIT CREEK NEAR CONFLUENCE WITH RIVER TOK,55.6,55.6,130.1,130.1,SUBAERIAL,,,s 9503-22 [12344],"WEHRLITE, XENOLITH [12344]",,,,,,,,,MANTLE XENOLITH,,,,,WHOLE_ROCK [12344] ,193938.7815,659.274,,5186.6598,2394.7,13148.72,78740.49,,21155.12,244351.808,1626.3618,2593.1400000000003,664.12,3560.9136,261.8526,,,,,,,,,,,,,,,,3900.,,,,,,,,,,,,,,2.5,,,,,,,,,,,,,,8.5,705,35,,,,103,1984,4.3,,,,,,,1.07,61.7,3.25,33.2,3.82,,,,,,,,,,,,0.026,19.9,1.64,5.32,0.86,4.6,1.18,0.4,1.12,0.15,0.83,0.14,0.33,0.041,0.23,0.034,0.79,0.18,,,,,,,,,0.1,,0.066,0.031,,,,,,,,,,,,,,,,,,,,,,,,,515687,
[12344],INTRAPLATE VOLCANICS,SIBERIAN CRATON / ALDAN-STANOVOI BLOCK / TOKINSKY STANOVIK / TOK VOLCANIC FIELD,ALONG LOWER NAKIT CREEK NEAR CONFLUENCE WITH RIVER TOK,55.6,55.6,130.1,130.1,SUBAERIAL,,,s 9507-6 [12344],"WEHRLITE, XENOLITH [12344]",,,,,,,,,MANTLE XENOLITH,,,,,WHOLE_ROCK [12344] ,196696.64800000002,599.34,,4234.008000000001,2873.64,,,77030.43000000001,17438.68,264010.912,2013.5908,2357.4,415.07500000000005,1557.8997,218.21050000000002,,,,,,,,,,,,,,,,,,,,,,,,,,,,,,,,,,,,,,,,,,,,,,,,,,,,,,,,,,,,,,,,,,,,,,,,,,,,,,,,,,,,,,,,,,,,,,,,,,,,,,,,,,,,,,,,,,,,,,,,,,,,,,,,,515688,
[12344],INTRAPLATE VOLCANICS,SIBERIAN CRATON / ALDAN-STANOVOI BLOCK / TOKINSKY STANOVIK / TOK VOLCANIC FIELD,ALONG LOWER NAKIT CREEK NEAR CONFLUENCE WITH RIVER TOK,55.6439,55.6439,130.1025,130.1025,SUBAERIAL,,,s 9508-10 [12344],"WEHRLITE, XENOLITH [12344]",,,,,,,,,MANTLE XENOLITH,,,,,WHOLE_ROCK [12344] ,199548.0015,1378.482,,10743.7953,2257.86,,,77263.62,24156.86,245316.672,1161.687,2043.0800000000002,664.12,2151.3853,261.8526,,,,,,,,,,,,,,,,,,,,,,,,,,,,,,,,,,,,,,,,,,,,,,,,,,,,,,,,,,,,,,,,,,,,,,,,,,,,,,,,,,,,,,,,,,,,,,,,,,,,,,,,,,,,,,,,,,,,,,,,,,,,,,,,,515689,
[12344],INTRAPLATE VOLCANICS,SIBERIAN CRATON / ALDAN-STANOVOI BLOCK / TOKINSKY STANOVIK / TOK VOLCANIC FIELD,ALONG LOWER NAKIT CREEK NEAR CONFLUENCE WITH RIVER TOK,55.6289,55.6289,130.1019,130.1019,SUBAERIAL,,,s 9510-1 [12344],"WEHRLITE, XENOLITH [12344]",,,,,,,,,MANTLE XENOLITH,,,,,WHOLE_ROCK [12344] ,198005.46600000001,2037.756,,14924.8782,2189.44,,,91565.93999999999,32661.79,222280.544,1239.1328,1571.6000000000001,664.12,2596.4995,218.21050000000002,,,,,,,,,,,,,,,,,,,,,,,,,,,,,,,,,,,,,,,,,,,,,,,,,,,,,,,,,,,,,,,,,,,,,,,,,,,,,,,,,,,,,,,,,,,,,,,,,,,,,,,,,,,,,,,,,,,,,,,,,,,,,,,,,515690,
[12344],INTRAPLATE VOLCANICS,SIBERIAN CRATON / ALDAN-STANOVOI BLOCK / TOKINSKY STANOVIK / TOK VOLCANIC FIELD,ALONG LOWER NAKIT CREEK NEAR CONFLUENCE WITH RIVER TOK,55.6289,55.6289,130.1019,130.1019,SUBAERIAL,,,s 9510-3 [12344],"WEHRLITE, XENOLITH [12344]",,,,,,,,,MANTLE XENOLITH,,,,,WHOLE_ROCK [12344] ,193237.62900000004,539.406,,4022.3076,2463.12,3217.2400000000002,101981.76,,20154.539999999997,238019.88799999998,1858.6992,2357.4,249.045,3189.9851,174.5684,,,,,,,,,,,,,,,,6800.000000000001,,,,,,,,,,,,,,4.1,,,,,,,,,,,,,,8.2,632,33,,,,114,2149,2,,,,,,,0.43,72.6,3.87,33.2,1.31,,,,,,,,,,,,0.002,6.47,1.59,5.17,0.81,4.34,1.17,0.41,1.19,0.17,0.98,0.17,0.41,0.051,0.3,0.045,0.72,0.08,,,,,,,,,0.11,,0.042,0.019,,,,,,,,,,,,,,,,,,,,,,,,,515691,
[12344],INTRAPLATE VOLCANICS,SIBERIAN CRATON / ALDAN-STANOVOI BLOCK / TOKINSKY STANOVIK / TOK VOLCANIC FIELD,ALONG LOWER NAKIT CREEK NEAR CONFLUENCE WITH RIVER TOK,55.6289,55.6289,130.1019,130.1019,SUBAERIAL,,,s 9510-11 [12344],"LHERZOLITE, XENOLITH [12344]",,,,,,,,,MANTLE XENOLITH,,,,,WHOLE_ROCK [12344] ,196930.3655,299.67,,4339.8582,2394.7,,,111775.74,11220.79,235728.336,1626.3618,1964.5,581.105,1483.714,1003.7683000000001,,,,,,,,,,,,,,,,,,,,,,,,,,,,,,,,,,,,,,,,,,,,,,,,,,,,,,,,,,,,,,,,,,,,,,,,,,,,,,,,,,,,,,,,,,,,,,,,,,,,,,,,,,,,,,,,,,,,,,,,,,,,,,,,,515692,
[12344],INTRAPLATE VOLCANICS,SIBERIAN CRATON / ALDAN-STANOVOI BLOCK / TOKINSKY STANOVIK / TOK VOLCANIC FIELD,ALONG LOWER NAKIT CREEK NEAR CONFLUENCE WITH RIVER TOK,55.6439,55.6439,130.1025,130.1025,SUBAERIAL,,,s 9508-14 [12344],NOT GIVEN [12344],,,,,,,,,MANTLE XENOLITH,,,,,WHOLE_ROCK [12344] ,213898.256,7072.2119999999995,,34665.9405,2599.96,14827.28,51068.61,,109992.33,122055.29599999999,1084.2412000000002,707.22,1162.21,6676.713,261.8526,,,,,,,,,,,,,,,,6700.,,,,,,,,,,,,,,1.7,,,,,,,,,,,,,,39.4,7211,254,,,,60,380,39,,,,,,,1.86,125,11,44.4,2.46,,,,,,,,,,,,0.02,39.7,3.61,10.9,1.72,9.37,2.71,0.98,3.02,0.44,2.64,0.47,1.14,0.14,0.8,0.11,1.58,0.18,,,,,,,,,0.86,,0.2,0.091,,,,,,,,,,,,,,,,,,,,,,,,,515693,
[9199],INTRAPLATE VOLCANICS,SIBERIAN CRATON / ALDAN-STANOVOI BLOCK / CENTRAL BLOCK,NIZHNI-YAKOTUT,58.5,58.5,125.7,125.7,SUBAERIAL,,,s 424/85 [9199],LAMPROITE [9199],143000000 [9199],143000000 [9199],,CRETACEOUS [9199],,,,,VOLCANIC ROCK,,,,,WHOLE_ROCK [9199] ,204923.50400000004,3236.436,,25986.224100000003,,47699.08,46093.89,,54388.670000000006,136890.08,1394.0244,,24074.35,5489.7418,2182.105,13400.,,,,5300.,,,,,,,,,,,,,,,,,,,,,,,,,,,,,,0.13,,,,,,,,,,,185,590,,,99,700,,,,,,,,87,912,11.1,50,2.3,,,,,,,,0.475,0.475,,,3.25,2441,13.88,38.38,4.47,17.07,3.68,1.082,3.08,0.489,2.33,0.382,1.011,0.145,0.853,0.12,1.63,0.157,,,,,,,,0.923,55.8,0.098,2.086,1.116,0.512011,,,0.706276,,16.753,,15.282,,37.283,,,,,,,,0.282496,,,,,,,515755,
[9199],INTRAPLATE VOLCANICS,SIBERIAN CRATON / ALDAN-STANOVOI BLOCK / CENTRAL BLOCK,NIZHNI-YAKOTUT,58.5,58.5,125.7,125.7,SUBAERIAL,,,s 495/85 [9199],LAMPROITE [9199],143000000 [9199],143000000 [9199],,CRETACEOUS [9199],,,,,VOLCANIC ROCK,,,,,WHOLE_ROCK [9199] ,210205.51950000002,2876.832,,24504.3213,,43222.92,37932.24,,65466.520000000004,129231.472,1239.1328,,25734.65,6825.0844,1440.1893,13600.000000000002,,,,11900.,,,,,,,,,,,,,,,,,,,,,,,,,,,,,,0.17,,,,,,,,,,,157,670,,,86,630,,,,,,,,151,681,8.9,41.4,1.43,,,,,,,,0.543,0.21,,,5.11,1234,9.18,24.43,2.57,9.85,2.54,0.823,2.7,0.469,1.78,0.313,0.782,0.116,0.624,0.108,1.25,0.088,,,,,,,,1.159,14.2,0.02,2.092,0.786,0.512071,,,0.7068,,17.496,,15.464,,37.507,,,,,,,,0.282448,,,,,,,515756,
[9199],INTRAPLATE VOLCANICS,SIBERIAN CRATON / ALDAN-STANOVOI BLOCK / CENTRAL BLOCK,NIZHNI-YAKOTUT,58.5,58.5,125.7,125.7,SUBAERIAL,,,s 116/84 [9199],LAMPROITE [9199],143000000 [9199],143000000 [9199],LOWER [9199],CRETACEOUS [9199],,,,,VOLCANIC ROCK,,,,,WHOLE_ROCK [9199] ,198098.95300000004,3476.1719999999996,,24345.546,,60637.979999999996,28449.18,,49099.89,132427.584,1316.5786,,25651.635,5341.3704,2356.6734,22900.,,,,29000.,,,,,,,,,,,,,,,,,,,,,,,,,,,,,,0.08,,,,,,,,,21.5,,,1515,,,91,,,,,,,,,104,998,13.9,58.3,2.22,,,,,,,,1.71,0.277,,,2.52,2903,15.4,37.1,3.97,13.38,3.51,1,,,1.95,0.387,0.992,0.116,0.76,0.119,1.63,0.143,,,,,,,,0.724,24.9,0.041,2.924,1.333,0.512057,,,0.706448,,17.505,,15.478,,37.557,,,,,,,,0.282496,,,,,,,515757,
[9199],INTRAPLATE VOLCANICS,SIBERIAN CRATON / ALDAN-STANOVOI BLOCK / CENTRAL BLOCK,VERHNII-YAKOTUT,58.5,58.5,125.7,125.7,SUBAERIAL,,,s 19/86 [9199],LAMPROITE [9199],136000000 [9199],136000000 [9199],LOWER [9199],CRETACEOUS [9199],,,,,VOLCANIC ROCK,,,,,WHOLE_ROCK [9199] ,222452.31650000004,3715.908,,46521.162899999996,,33641.14,31480.649999999998,,64751.82000000001,84425.59999999999,1316.5786,,49310.91,11276.2264,2487.5996999999998,5000.,,,,7900.,,,,,,,,,,,,,,,,,,,,,,,,,,,,,,0.15,,,,,,,,,22.2,,150,1100,,,56,470,,,,,,,,288,561,13.1,107.5,3.53,,,,,,,,0.798,0.095,,,4.66,2745,28.82,63.27,6.57,27.48,5.81,1.946,5.61,0.92,4.68,0.731,1.813,0.181,1.01,0.163,3.03,0.236,,,,,,,,0.68,7.33,0.011,2.573,1.123,0.511546,,,0.708887,,17.492,,15.421,,37.589,,,,,,,,0.282115,,,,,,,515758,
[9199],INTRAPLATE VOLCANICS,SIBERIAN CRATON / ALDAN-STANOVOI BLOCK / CENTRAL BLOCK,VERHNII-YAKOTUT,58.5,58.5,125.7,125.7,SUBAERIAL,,,s 101/86 [9199],LAMPROITE [9199],136000000 [9199],136000000 [9199],LOWER [9199],CRETACEOUS [9199],,,,,VOLCANIC ROCK,,,,,WHOLE_ROCK [9199] ,223246.956,4255.313999999999,,48585.2418,,32871.8,40885.979999999996,,54388.670000000006,83581.344,1084.2412000000002,,47484.579999999994,10979.4836,3185.8732999999997,12300.,,,,2200.,,,,,,,,,,,,,,,,,,,,,,,,,,,,,,0.2,,,,,,,,,25.5,,196,630,,,52,360,,,,,,,,129,1893,16.5,253,4.98,,,,,,,,3.35,2.136,,,3.14,2548,21.1,51.71,6.45,24.91,5.67,1.529,4.73,0.7,3.14,0.486,1.155,0.195,0.771,0.237,5.34,0.277,,,,,,,,0.831,26.4,0.087,3.891,1.422,0.511938,,,0.706154,,17.494,,15.47,,37.566,,,,,,,,0.28214,,,,,,,515759,
[9199],INTRAPLATE VOLCANICS,SIBERIAN CRATON / ALDAN-STANOVOI BLOCK / CENTRAL BLOCK,LOMAN,58.5,58.5,126,126,SUBAERIAL,,,s 126/86 [9199],LAMPROITE [9199],122000000 [9199],122000000 [9199],LOWER [9199],CRETACEOUS [9199],,,,,VOLCANIC ROCK,,,,,WHOLE_ROCK [9199] ,214879.8695,5453.994,,34242.5397,,25178.4,41741.01,,52387.51,128145.99999999999,1084.2412000000002,,43167.8,5712.2989,4844.2731,2300.,,,,2000.,,,,,,,,,,,,,,,,,,,,,,,,,,,,,,0.35,,,,,,,,,20.8,,185,1160,,,62,900,,,,,,,,177,1123,12,32.3,1.87,,,,,,,,0.37,0.044,,,3.8,2071,34.81,98.11,12.17,40.39,6.42,2.45,4.97,0.752,3.9,0.64,1.414,0.125,0.758,0.142,1.03,0.125,,,,,,,,0.522,5.41,0.035,0.875,0.325,0.511647,,,0.707742,,17.131,,15.402,,37.195,,,,,,,,0.28224,,,,,,,515760,
[9199],INTRAPLATE VOLCANICS,SIBERIAN CRATON / ALDAN-STANOVOI BLOCK / CENTRAL BLOCK,LOMAN,58.5,58.5,126,126,SUBAERIAL,,,s 127/86 [9199],LAMPROITE [9199],122000000 [9199],122000000 [9199],LOWER [9199],CRETACEOUS [9199],,,,,VOLCANIC ROCK,,,,,WHOLE_ROCK [9199] ,224929.722,8330.826,,36730.019400000005,,21051.94,25884.09,,50171.939999999995,112768.48,387.22900000000004,,66744.06,6750.8987,1091.0525,9700.,,,,,,,,,,,,,,,,,,,,,,,,,,,,,,,,,,0.86,,,,,,,,,25.2,,157,1180,,,42,73,,,,,,,,235,727,5.21,43.6,2.48,,,,,,,,1.472,0.068,,,4.08,1269,9.04,28.92,3.54,15.69,4.1,0.818,2.87,,1.395,0.202,0.482,0.065,0.413,0.061,1.16,0.163,,,,,,,,0.271,5.31,0.01,0.789,0.208,0.511777,,,0.708298,,17.215,,15.421,,37.206,,,,,,,,0.282189,,,,,,,515761,
[9199],INTRAPLATE VOLCANICS,SIBERIAN CRATON / ALDAN-STANOVOI BLOCK / OLEKMA BLOCK,MURUN,58.5,58.5,124.5,124.5,SUBAERIAL,,,s 132/86 [9199],LAMPROITE [9199],133000000 [9199],133000000 [9199],LOWER [9199],CRETACEOUS [9199],,,,,VOLCANIC ROCK,,,,,WHOLE_ROCK [9199] ,209270.64950000003,6053.334,,45833.136600000005,,36019.100000000006,40341.87,,46812.85,85933.2,1006.7954,,62925.37,11127.855,8335.641099999999,4000.,,,,9200.,,,,,,,,,,,,,,,,,,,,,,,,,,,,,,0.91,,,,,,,,,21.8,,213,1030,,,50,190,,,,,,,,314,3145,20,113.9,7.61,,,,,,,,3.17,0.373,,,5.15,2250,53.2,100.6,11.45,42.12,9.68,2.355,6.82,,3.85,0.569,1.367,0.173,1.126,0.178,3.05,0.491,,,,,,,,2.76,3.53,0.022,6.48,3.3,0.511447,,,0.707681,,18.005,,15.312,,38.094,,,,,,,,0.281993,,,,,,,515762,
[9199],INTRAPLATE VOLCANICS,SIBERIAN CRATON / ALDAN-STANOVOI BLOCK / OLEKMA BLOCK,MURUN,58.5,58.5,124.5,124.5,SUBAERIAL,,,s 136/86 [9199],LAMPROITE [9199],133000000 [9199],133000000 [9199],LOWER [9199],CRETACEOUS [9199],,,,,VOLCANIC ROCK,,,,,WHOLE_ROCK [9199] ,220161.885,6113.268,,43186.8816,,30703.659999999996,37621.32,,64180.060000000005,51379.007999999994,1548.9160000000002,,62676.325,19065.724899999997,1396.5472,10700.,,,,32200.000000000004,,,,,,,,,,,,,,,,,,,,,,,,,,,,,,0.51,,,,,,,,,,,340,270,,,39,120,,,,,,,,268,3844,36,261,15.39,,,,,,,,3.25,0.317,,,3.08,7991,66,137.58,13.23,52.79,10.18,2.67,6.99,1.05,4.46,0.693,1.305,,0.85,0.346,6.09,0.91,,,,,,,,2.24,62.4,0.285,6.2,1.6,0.511507,,,0.707545,,16.81,,15.312,,37.385,,,,,,,,0.281876,,,,,,,515763,
[9199],INTRAPLATE VOLCANICS,SIBERIAN CRATON / ALDAN-STANOVOI BLOCK / OLEKMA BLOCK,MOLBO,59,59,124.5,124.5,SUBAERIAL,,,s 68/88 [9199],LAMPROITE [9199],120000000 [9199],120000000 [9199],LOWER [9199],CRETACEOUS [9199],,,,,VOLCANIC ROCK,,,,,WHOLE_ROCK [9199] ,216889.84,7491.75,,37841.446500000005,,79311.95999999999,9483.06,,30160.339999999997,43961.615999999995,851.9038,,68570.39,8828.0983,9688.5462,51600.,,,,10000,,,,,,,,,,,,,,,,,,,,,,,,,,,,,,0.25,,,,,,,,,17,,840,110,,,34,92,,,,,,,,164,4139,30.5,403,25.11,,,,,,,,5.59,1.41,,,0.505,12773,68.1,190.83,20.84,75.31,12.89,2.89,7.43,0.787,3.62,0.523,1.358,0.14,0.9,0.251,9.58,1.403,,,,,,,,0.164,84,0.185,12.51,5.65,0.511768,,,0.708131,,16.842,,15.287,,37.285,,,,,,,,0.282021,,,,,,,515764,
[15126],INTRAPLATE VOLCANICS,SIBERIAN CRATON / ALDAN-STANOVOI BLOCK / OLEKMA BLOCK,MURUN,58.5,58.5,124.5,124.5,SUBAERIAL,,,s 172 [15126],LAMPROITE [15126],,,LOWER [15126],MESOZOIC [15126],,,,,VOLCANIC ROCK,,,,,WHOLE_ROCK [15126] ,,,,,,,,,,,,,,,,,,,,,,,,,,,,,,,,,,,,,,,,,,,,,,,,,,,,,,,,,,,,,,,,,,,,,,,,,,489.6,1443,,,,,,,,,,,,,,,,,,,,31.72,6.23,,,,,,,,,,,,,,,,,,,,,,,,0.511613,,,0.70856,,,,,,,,,,,,,,,,,,,,,515771,
[15126],INTRAPLATE VOLCANICS,SIBERIAN CRATON / ALDAN-STANOVOI BLOCK / OLEKMA BLOCK,MURUN,58.5,58.5,124.5,124.5,SUBAERIAL,,,s CH/241 [15126],"LAMPROITE, LEUCITE [15126]",,,LOWER [15126],MESOZOIC [15126],,,,,VOLCANIC ROCK,,,,,WHOLE_ROCK [15126] ,,,,,,,,,,,,,,,,,,,,,,,,,,,,,,,,,,,,,,,,,,,,,,,,,,,,,,,,,,,,,,,,,,,,,,,,,,325,1723,,,,,,,,,,,,,,,,,,,,31.01,9.49,,,,,,,,,,,,,,,,,,,,,,,,0.511688,,,0.70767,,,,,,,,,,,,,,,,,,,,,515772,
[15126],INTRAPLATE VOLCANICS,SIBERIAN CRATON / ALDAN-STANOVOI BLOCK / OLEKMA BLOCK,MURUN,58.5,58.5,124.5,124.5,SUBAERIAL,,,s 144/2 [15126],"PYROXENITE, BIOTITE [15126]",,,LOWER [15126],MESOZOIC [15126],,,,,PLUTONIC ROCK,,,,,WHOLE_ROCK [15126] ,,,,,,,,,,,,,,,,,,,,,,,,,,,,,,,,,,,,,,,,,,,,,,,,,,,,,,,,,,,,,,,,,,,,,,,,,,122.7,4338,,,,,,,,,,,,,,,,,,,,80.73,15.4,,,,,,,,,,,,,,,,,,,,,,,,0.511611,,,0.70708,,,,,,,,,,,,,,,,,,,,,515773,
[15126],INTRAPLATE VOLCANICS,SIBERIAN CRATON / ALDAN-STANOVOI BLOCK / OLEKMA BLOCK,MURUN,58.5,58.5,124.5,124.5,SUBAERIAL,,,s 3/100 [15126],"LAMPROITE, OLIVINE [15126]",,,LOWER [15126],MESOZOIC [15126],,,,,VOLCANIC ROCK,,,,,WHOLE_ROCK [15126] ,,,,,,,,,,,,,,,,,,,,,,,,,,,,,,,,,,,,,,,,,,,,,,,,,,,,,,,,,,,,,,,,,,,,,,,,,,240.2,1255,,,,,,,,,,,,,,,,,,,,29.28,5.89,,,,,,,,,,,,,,,,,,,,,,,,0.51145,,,0.70863,,,,,,,,,,,,,,,,,,,,,515774,
[15126],INTRAPLATE VOLCANICS,SIBERIAN CRATON / ALDAN-STANOVOI BLOCK / OLEKMA BLOCK,MURUN,58.5,58.5,124.5,124.5,SUBAERIAL,,,s 151 [15126],CARBONATITE [15126],,,LOWER [15126],MESOZOIC [15126],,,,,PLUTONIC ROCK,,,,,WHOLE_ROCK [15126] ,,,,,,,,,,,,,,,,,,,,,,,,,,,,,,,,,,,,,,,,,,,,,,,,,,,,,,,,,,,,,,,,,,,,,,,,,,21.5,40996,,,,,,,,,,,,,,,,,,,,70.42,7.52,,,,,,,,,,,,,,,,,,,,,,,,0.511618,,,0.70626,,,,,,,,,,,,,,,,,,,,,515775,
[15249],INTRAPLATE VOLCANICS,SIBERIAN CRATON / ALDAN-STANOVOI BLOCK / CENTRAL BLOCK / YLLYMAKH MASSIF,,58.57,58.57,126.7,126.7,SUBAERIAL,,,s 1 [15249],"BASALT, ALKALINE [15249]",,,,MESOZOIC [15249],,,,SERIATE PORPHYRITIC [15249] ,VOLCANIC ROCK,,,,,WHOLE_ROCK [15249] ,234465.396,5394.0599999999995,,65891.7495,,,,72833.01,66467.1,46434.08,1239.1328,,42669.71,19807.581899999997,3360.4417000000003,,,,,,,,,,,,,,,,,,,,,,,,,,,,,,,,,,,,,,,,,,,,,,,,,,,,,,,,,,,,,,,,,,,,,,,,,,,,,,,,,,,,,,,,,,,,,,,,,,,,,,,,,,,,,,,,,,,,,,,,,,,,,,,,,517450,
[15612],INTRAPLATE VOLCANICS,SIBERIAN CRATON / ALDAN-STANOVOI BLOCK / TOKINSKY STANOVIK / TOK VOLCANIC FIELD,ALONG LOWER NAKIT CREEK NEAR CONFLUENCE WITH RIVER TOK,55.6,55.6,130.1,130.1,SUBAERIAL,,,s TOK 6-3 [15612],"LHERZOLITE, XENOLITH [15612]",,,,,,,,,MANTLE XENOLITH,,,,,WHOLE_ROCK [15612] ,,,,,,,,,,,,,,,,,,,,,,,,,,,,,,,,,,,,,,,,,,,,,2.4,,,,,,,,,,,,,,,,,,,,,,,,,,,,,,,,,,,,,,,,,,,,,,,,,,,,,,,,,,,,,,,,,,,,,,,,,,,,,,,,,,,,,,,,,,,,,,,,,,,545242,
[15612],INTRAPLATE VOLCANICS,SIBERIAN CRATON / ALDAN-STANOVOI BLOCK / TOKINSKY STANOVIK / TOK VOLCANIC FIELD,ALONG LOWER NAKIT CREEK NEAR CONFLUENCE WITH RIVER TOK,55.6,55.6,130.1,130.1,SUBAERIAL,,,s TOK 10-1 [15612],"WEHRLITE, XENOLITH [15612]",,,,,,,,,MANTLE XENOLITH,,,,,WHOLE_ROCK [15612] ,,,,,,,,,,,,,,,,,,,,,,,,,,,,,,,,,,,,,,,,,,,,,4.8,,,,,,,,,,,,,,,,,,,,,,,,,,,,,,,,,,,,,,,,,,,,,,,,,,,,,,,,,,,,,,,,,,,,,,,,,,,,,,,,,,,,,,,,,,,,,,,,,,,61647-10-1,
[15612],INTRAPLATE VOLCANICS,SIBERIAN CRATON / ALDAN-STANOVOI BLOCK / TOKINSKY STANOVIK / TOK VOLCANIC FIELD,ALONG LOWER NAKIT CREEK NEAR CONFLUENCE WITH RIVER TOK,55.6,55.6,130.1,130.1,SUBAERIAL,,,s TOK 10-11 [15612],"LHERZOLITE, XENOLITH [15612]",,,,,,,,,MANTLE XENOLITH,,,,,WHOLE_ROCK [15612] ,,,,,,,,,,,,,,,,,,,,,,,,,,,,,,,,,,,,,,,,,,,,,2.2,,,,,,,,,,,,,,,,,,,,,,,,,,,,,,,,,,,,,,,,,,,,,,,,,,,,,,,,,,,,,,,,,,,,,,,,,,,,,,,,,,,,,,,,,,,,,,,,,,,61647-10-11,
[15612],INTRAPLATE VOLCANICS,SIBERIAN CRATON / ALDAN-STANOVOI BLOCK / TOKINSKY STANOVIK / TOK VOLCANIC FIELD,ALONG LOWER NAKIT CREEK NEAR CONFLUENCE WITH RIVER TOK,55.6,55.6,130.1,130.1,SUBAERIAL,,,s TOK 10-2 [15612],"LHERZOLITE, XENOLITH [15612]",,,,,,,,,MANTLE XENOLITH,,,,,WHOLE_ROCK [15612] ,,,,,,,,,,,,,,,,,,,,,,,,,,,,,,,,,,,,,,,,,,,,,3.1,,,,,,,,,,,,,,,,,,,,,,,,,,,,,,,,,,,,,,,,,,,,,,,,,,,,,,,,,,,,,,,,,,,,,,,,,,,,,,,,,,,,,,,,,,,,,,,,,,,61647-10-2,
[15612],INTRAPLATE VOLCANICS,SIBERIAN CRATON / ALDAN-STANOVOI BLOCK / TOKINSKY STANOVIK / TOK VOLCANIC FIELD,ALONG LOWER NAKIT CREEK NEAR CONFLUENCE WITH RIVER TOK,55.6,55.6,130.1,130.1,SUBAERIAL,,,s TOK 10-3 [15612],"WEHRLITE, XENOLITH [15612]",,,,,,,,,MANTLE XENOLITH,,,,,WHOLE_ROCK [15612] ,,,,,,,,,,,,,,,,,,,,,,,,,,,,,,,,,,,,,,,,,,,,,3.3,,,,,,,,,,,,,,,,,,,,,,,,,,,,,,,,,,,,,,,,,,,,,,,,,,,,,,,,,,,,,,,,,,,,,,,,,,,,,,,,,,,,,,,,,,,,,,,,,,,61647-10-3,
[15612],INTRAPLATE VOLCANICS,SIBERIAN CRATON / ALDAN-STANOVOI BLOCK / TOKINSKY STANOVIK / TOK VOLCANIC FIELD,ALONG LOWER NAKIT CREEK NEAR CONFLUENCE WITH RIVER TOK,55.6,55.6,130.1,130.1,SUBAERIAL,,,s TOK 2-10 [15612],"LHERZOLITE, XENOLITH [15612]",,,,,,,,,MANTLE XENOLITH,,,,,WHOLE_ROCK [15612] ,,,,,,,,,,,,,,,,,,,,,,,,,,,,,,,,,,,,,,,,,,,,,2.9,,,,,,,,,,,,,,,,,,,,,,,,,,,,,,,,,,,,,,,,,,,,,,,,,,,,,,,,,,,,,,,,,,,,,,,,,,,,,,,,,,,,,,,,,,,,,,,,,,,61647-2-10,
[15612],INTRAPLATE VOLCANICS,SIBERIAN CRATON / ALDAN-STANOVOI BLOCK / TOKINSKY STANOVIK / TOK VOLCANIC FIELD,ALONG LOWER NAKIT CREEK NEAR CONFLUENCE WITH RIVER TOK,55.6,55.6,130.1,130.1,SUBAERIAL,,,s TOK 2-3 [15612],"LHERZOLITE, XENOLITH [15612]",,,,,,,,,MANTLE XENOLITH,,,,,WHOLE_ROCK [15612] ,,,,,,,,,,,,,,,,,,,,,,,,,,,,,,,,,,,,,,,,,,,,,2.9,,,,,,,,,,,,,,,,,,,,,,,,,,,,,,,,,,,,,,,,,,,,,,,,,,,,,,,,,,,,,,,,,,,,,,,,,,,,,,,,,,,,,,,,,,,,,,,,,,,61647-2-3,
[15612],INTRAPLATE VOLCANICS,SIBERIAN CRATON / ALDAN-STANOVOI BLOCK / TOKINSKY STANOVIK / TOK VOLCANIC FIELD,ALONG LOWER NAKIT CREEK NEAR CONFLUENCE WITH RIVER TOK,55.6,55.6,130.1,130.1,SUBAERIAL,,,s TOK 2-9 [15612],"HARZBURGITE, XENOLITH [15612]",,,,,,,,,MANTLE XENOLITH,,,,,WHOLE_ROCK [15612] ,,,,,,,,,,,,,,,,,,,,,,,,,,,,,,,,,,,,,,,,,,,,,2.1,,,,,,,,,,,,,,,,,,,,,,,,,,,,,,,,,,,,,,,,,,,,,,,,,,,,,,,,,,,,,,,,,,,,,,,,,,,,,,,,,,,,,,,,,,,,,,,,,,,61647-2-9,
[15612],INTRAPLATE VOLCANICS,SIBERIAN CRATON / ALDAN-STANOVOI BLOCK / TOKINSKY STANOVIK / TOK VOLCANIC FIELD,ALONG LOWER NAKIT CREEK NEAR CONFLUENCE WITH RIVER TOK,55.6,55.6,130.1,130.1,SUBAERIAL,,,s TOK 3-2 [15612],"LHERZOLITE, XENOLITH [15612]",,,,,,,,,MANTLE XENOLITH,,,,,WHOLE_ROCK [15612] ,,,,,,,,,,,,,,,,,,,,,,,,,,,,,,,,,,,,,,,,,,,,,2.3,,,,,,,,,,,,,,,,,,,,,,,,,,,,,,,,,,,,,,,,,,,,,,,,,,,,,,,,,,,,,,,,,,,,,,,,,,,,,,,,,,,,,,,,,,,,,,,,,,,61647-3-2,
[15612],INTRAPLATE VOLCANICS,SIBERIAN CRATON / ALDAN-STANOVOI BLOCK / TOKINSKY STANOVIK / TOK VOLCANIC FIELD,ALONG LOWER NAKIT CREEK NEAR CONFLUENCE WITH RIVER TOK,55.6,55.6,130.1,130.1,SUBAERIAL,,,s TOK 3-22 [15612],"WEHRLITE, XENOLITH [15612]",,,,,,,,,MANTLE XENOLITH,,,,,WHOLE_ROCK [15612] ,,,,,,,,,,,,,,,,,,,,,,,,,,,,,,,,,,,,,,,,,,,,,3.1,,,,,,,,,,,,,,,,,,,,,,,,,,,,,,,,,,,,,,,,,,,,,,,,,,,,,,,,,,,,,,,,,,,,,,,,,,,,,,,,,,,,,,,,,,,,,,,,,,,61647-3-22,
[15612],INTRAPLATE VOLCANICS,SIBERIAN CRATON / ALDAN-STANOVOI BLOCK / TOKINSKY STANOVIK / TOK VOLCANIC FIELD,ALONG LOWER NAKIT CREEK NEAR CONFLUENCE WITH RIVER TOK,55.6,55.6,130.1,130.1,SUBAERIAL,,,s TOK 6-0 [15612],"HARZBURGITE, XENOLITH [15612]",,,,,,,,,MANTLE XENOLITH,,,,,WHOLE_ROCK [15612] ,,,,,,,,,,,,,,,,,,,,,,,,,,,,,,,,,,,,,,,,,,,,,2.7,,,,,,,,,,,,,,,,,,,,,,,,,,,,,,,,,,,,,,,,,,,,,,,,,,,,,,,,,,,,,,,,,,,,,,,,,,,,,,,,,,,,,,,,,,,,,,,,,,,61647-6-0,
[15612],INTRAPLATE VOLCANICS,SIBERIAN CRATON / ALDAN-STANOVOI BLOCK / TOKINSKY STANOVIK / TOK VOLCANIC FIELD,ALONG LOWER NAKIT CREEK NEAR CONFLUENCE WITH RIVER TOK,55.6,55.6,130.1,130.1,SUBAERIAL,,,s TOK 6-1 [15612],"LHERZOLITE, XENOLITH [15612]",,,,,,,,,MANTLE XENOLITH,,,,,WHOLE_ROCK [15612] ,,,,,,,,,,,,,,,,,,,,,,,,,,,,,,,,,,,,,,,,,,,,,1.4,,,,,,,,,,,,,,,,,,,,,,,,,,,,,,,,,,,,,,,,,,,,,,,,,,,,,,,,,,,,,,,,,,,,,,,,,,,,,,,,,,,,,,,,,,,,,,,,,,,61647-6-1,
[15612],INTRAPLATE VOLCANICS,SIBERIAN CRATON / ALDAN-STANOVOI BLOCK / TOKINSKY STANOVIK / TOK VOLCANIC FIELD,ALONG LOWER NAKIT CREEK NEAR CONFLUENCE WITH RIVER TOK,55.6,55.6,130.1,130.1,SUBAERIAL,,,s TOK 8-10 [15612],"WEHRLITE, XENOLITH [15612]",,,,,,,,,MANTLE XENOLITH,,,,,WHOLE_ROCK [15612] ,,,,,,,,,,,,,,,,,,,,,,,,,,,,,,,,,,,,,,,,,,,,,3.1,,,,,,,,,,,,,,,,,,,,,,,,,,,,,,,,,,,,,,,,,,,,,,,,,,,,,,,,,,,,,,,,,,,,,,,,,,,,,,,,,,,,,,,,,,,,,,,,,,,61647-8-10,
[12344],INTRAPLATE VOLCANICS,SIBERIAN CRATON / ALDAN-STANOVOI BLOCK / TOKINSKY STANOVIK / TOK VOLCANIC FIELD,ALONG LOWER NAKIT CREEK NEAR CONFLUENCE WITH RIVER TOK,55.6439,55.6439,130.1025,130.1025,SUBAERIAL,,,s 9508-1B [12344],BASALT [12344],280000 [12344],590000 [12344],,QUATERNARY [12344],,,,,VOLCANIC ROCK,,,,,WHOLE_ROCK [12344] ,211374.10700000002,14204.358,,77746.9719,205.26,17345.12,58375.229999999996,,60463.62,56565.152,1316.5786,392.90000000000003,27976.055,33902.8649,4756.9889,,,,,,,,,,,,,,,,3400.0000000000005,,,,,,,,,,,,,,8.3,,,,,,,,,,,,,,16.2,13563,187,,,,45,185,44,,,,,,,32.9,1131,22.2,252,80.2,,,,,,,,,,,,0.51,466,49.6,98.3,10.7,43.7,8.21,2.71,7.21,0.94,5.16,0.88,2.17,0.27,1.62,0.23,5.36,4.21,,,,,,,,,3.65,,5.38,1.77,,,,,,,,,,,,,,,,,,,,,,,,,61647-9508-1B,