Citations,Tectonic Setting,Location,Location Comment,Latitude (Min),Latitude (Max),Longitude (Min),Longitude (Max),Land or Sea,Elevation (Min),Elevation (Max),Sample Name,Rock Name,"Age (a, Min)","Age (a, Max)",Geol,Age,Eruption Day,Eruption Month,Eruption Year,Rock Texture,Rock Type,Drill Depth (Min),Drill Depth (Max),Alteration,Mineral,Material,Si,Ti,B,Al,Cr,Fe3+,Fe2+,Fetot(2+),Ca,Mg,Mn,Ni,K,Na,P,H2O,H2OP,H2OM,H2Otot,CO2,CO,F,Cl,Cl2,OH,CH4,SO2,SO3,SO4,S,LOI,Volatiles,O,Others,HE(CCM/G),HE(CCMSTP/G),HE3(CCMSTP/G),HE3(AT/G),HE4(CCM/G),HE4(CCMSTP/G),HE4(AT/G),HE4(MOLE/G),HE4(NCC/G),HE(NCC/G),Li,Be,B,C,CO2,F,Na,Mg,Al,P,S,Cl,K,Ca,Sc,Ti,V,Cr,Mn,Fe,Co,Ni,Cu,Zn,Ga,Ge,As,Se,Br,Rb,Sr,Y,Zr,Nb,Mo,Ru,Rh,Pd,Ag,Cd,In,Sn,Sb,Te,I,Cs,Ba,La,Ce,Pr,Nd,Sm,Eu,Gd,Tb,Dy,Ho,Er,Tm,Yb,Lu,Hf,Ta,W,Re,Os,Ir,Pt,Au,Hg,Tl,Pb,Bi,Th,U,Nd143/Nd144,Nd143/Nd144 initial,e Nd,Sr87/Sr86,SR87_SR86_INI,PB206_PB204,PB206_PB204_INI,PB207_PB204,PB207_PB204_INI,PB208_PB204,PB208_PB204_INI,OS184_OS188,OS186_OS188,OS187_OS186,OS187_OS188,RE187_OS186,RE187_OS188,HF176_HF177,HE3_HE4,HE3_HE4(R/R(A)),HE4_HE3,HE4_HE3(R/R(A)),K40_AR40,AR40_K40,Unique Id,
[5988],INTRAPLATE VOLCANICS,WEST-AFRICAN COASTAL BELTS - PAN-AFRICAN / WEST CONGOLIAN BELT / CONGO / GUENA METATONALITE,GUENA,-4.4,-4.4,12.25,12.25,SUBAERIAL,,,s MG1 [5988],GNEISS [5988],,,,PROTEROZOIC [5988],,,,,METAMORPHIC ROCK,,,,,WHOLE_ROCK [5988] ,252227.92600000004,5993.4,,102568.8438,,,,51612.719999999994,34948.829999999994,20623.967999999997,542.1206000000001,,27727.01,32122.4081,130.9263,,,,,,,,,,,,,,,,21200.,,,,,,,,,,,,,,,,,,,,,,,,,,,,,,,,,,,,,,,,,,,119,512,,,,,,,,,,,,,,,,1244,80.5,140.9,,53.3,7.4,2,5.8,,2.8,,1.3,,0.8,0.1,,,,,,,,,,,,,,,,,,,,,,,,,,,,,,,,,,,,,,,202246,
[5988],INTRAPLATE VOLCANICS,WEST-AFRICAN COASTAL BELTS - PAN-AFRICAN / WEST CONGOLIAN BELT / CONGO / GUENA METATONALITE,GUENA,-4.4,-4.4,12.25,12.25,SUBAERIAL,,,s MG2 [5988],GNEISS [5988],,,,PROTEROZOIC [5988],,,,,METAMORPHIC ROCK,,,,,WHOLE_ROCK [5988] ,276628.033,5993.4,,87432.2652,,,,47648.49,31160.920000000002,17849.984,697.0122,,23991.335000000003,26335.923499999997,1309.263,,,,,,,,,,,,,,,,16800.,,,,,,,,,,,,,,,,,,,,,,,,,,,,,,,,,,,,,,,,,,,101,431,,,,,,,,,,,,,,,,898,66.3,111.1,,43.2,6.1,1.8,5.3,,2.6,,1.2,,0.8,0.2,,,,,,,,,,,,,,,,,,,,,,,,,,,,,,,,,,,,,,,202247,
[5988],INTRAPLATE VOLCANICS,WEST-AFRICAN COASTAL BELTS - PAN-AFRICAN / WEST CONGOLIAN BELT / CONGO / GUENA METATONALITE,GUENA,-4.4,-4.4,12.25,12.25,SUBAERIAL,,,s MG3 [5988],GNEISS [5988],,,,PROTEROZOIC [5988],,,,,METAMORPHIC ROCK,,,,,WHOLE_ROCK [5988] ,264614.9535,5813.597999999999,,89602.1943,,,,50291.31,35877.939999999995,18754.543999999998,619.5664,,24821.485,26484.294899999997,174.5684,,,,,,,,,,,,,,,,25299.999999999996,,,,,,,,,,,,,,,,,,,,,,,,,,,,,,,,,,,,,,,,,,,109,455,,,,,,,,,,,,,,,,1047,55.9,102.1,,38.6,5.4,1.5,4.4,,2.6,,1.5,,1.1,0.1,,,,,,,,,,,,,,,,,,,,,,,,,,,,,,,,,,,,,,,202248,
[5988],INTRAPLATE VOLCANICS,WEST-AFRICAN COASTAL BELTS - PAN-AFRICAN / WEST CONGOLIAN BELT / CONGO / LES SARAS GRANODIORITE,LES SARAS,-4.36,-4.36,12.35,12.35,SUBAERIAL,,,s 88457 [5988],GRANODIORITE [5988],,,,PROTEROZOIC [5988],,,,,PLUTONIC ROCK,,,,,WHOLE_ROCK [5988] ,268494.664,3835.776,,103627.3458,,,,33657.090000000004,26158.02,12362.319999999998,232.3374,,31960.775,36128.4359,1527.4734999999998,,,,,,,,,,,,,,,,23100.,,,,,,,,,,,,,,,,,,,,,,,,,,,,,,,,,,,,,,28,,,,,162.7,385.83,15.7,218,15,,,,,,,,,,,,,1586,117.4,214.7,,77.81,12.37,2.1,9.2,,4.38,,1.44,,1.01,0.14,,,,,,,,,,,,,58,,0.510978,,,0.737864,,,,,,,,,,,,,,,,,,,,,202249,
[5988],INTRAPLATE VOLCANICS,WEST-AFRICAN COASTAL BELTS - PAN-AFRICAN / WEST CONGOLIAN BELT / CONGO,"PK8, MOUNT MFOUBOU",-4.5,-4.5,12.3,12.3,SUBAERIAL,,,s PK-8.2 [5988],GRANITE [5988],1050000000 [5988],1050000000 [5988],,PROTEROZOIC [5988],,,,,PLUTONIC ROCK,,,,,WHOLE_ROCK [5988] ,339731.75800000003,1798.0199999999998,,66050.5248,,,,24640.41,4574.08,3618.24,232.3374,,41424.485,21736.4101,174.5684,,,,,,,,,,,,,,,,6700.,,,,,,,,,,,,,,,,,,,,,,,,,,,,,,,,,,,,,,,,,,,240.1,42.88,54.7,147,19,,,,,,,,,,,,,710,85.9,175.6,,74.1,13.27,1.9,9.2,,9.7,,6,,6.9,1.3,,,,,,,,,,,,,30,,0.511296,,,0.887236,,,,,,,,,,,,,,,,,,,,,202250,
[5988],INTRAPLATE VOLCANICS,WEST-AFRICAN COASTAL BELTS - PAN-AFRICAN / WEST CONGOLIAN BELT / CONGO,"PK8, MOUNT MFOUBOU",-4.5,-4.5,12.3,12.3,SUBAERIAL,,,s PK-8.4 [5988],GRANITE [5988],1050000000 [5988],1050000000 [5988],,PROTEROZOIC [5988],,,,,PLUTONIC ROCK,,,,,WHOLE_ROCK [5988] ,366983.2185000001,899.0099999999999,,57529.583699999996,,,,12747.72,6074.95,1929.7279999999998,232.3374,,39017.05,17952.9394,87.2842,,,,,,,,,,,,,,,,4700.,,,,,,,,,,,,,,,,,,,,,,,,,,,,,,,,,,,,,,,,,,,218.2,56.72,57.7,103,13,,,,,,,,,,,,,586,80.8,154.2,,56.82,9.58,1.7,8.3,,10.8,,5.7,,6.3,1.2,,,,,,,,,,,,,35,,0.511259,,,0.851253,,,,,,,,,,,,,,,,,,,,,202251,
[5988],INTRAPLATE VOLCANICS,WEST-AFRICAN COASTAL BELTS - PAN-AFRICAN / WEST CONGOLIAN BELT / CONGO / MOUNT KANDA GRANITE,MOUNT KANDA,-4.2,-4.36,12.06,12.15,SUBAERIAL,,,s K.2 [5988],GRANITE [5988],,,,PROTEROZOIC [5988],,,,,PLUTONIC ROCK,,,,,WHOLE_ROCK [5988] ,352305.75950000004,659.274,,63827.670600000005,,,,20442.989999999998,2644.39,1507.6,154.8916,,33953.135,24629.6524,130.9263,,,,,,,,,,,,,,,,11200.000000000002,,,,,,,,,,,,,,,,,,,,,,,,,,,,,,,,,,,,,,32.6,,,,,345.6,21.02,227.8,185,78,,,,,,,,,,,,,127,282.5,475.1,,228.59,47.85,1.9,42.4,,39.2,,21.7,,19.8,2.9,,,,,,,,,,,,,92,,0.511668,,,1.296202,,,,,,,,,,,,,,,,,,,,,202252,
[5988],INTRAPLATE VOLCANICS,WEST-AFRICAN COASTAL BELTS - PAN-AFRICAN / WEST CONGOLIAN BELT / CONGO / MOUNT KANDA GRANITE,MOUNT KANDA,-4.2,-4.36,12.06,12.15,SUBAERIAL,,,s K.3 [5988],GRANITE [5988],,,,PROTEROZOIC [5988],,,,,PLUTONIC ROCK,,,,,WHOLE_ROCK [5988] ,353053.65550000005,599.34,,64039.371,,,,21064.829999999998,2787.33,1567.904,154.8916,,34285.195,25742.4379,130.9263,,,,,,,,,,,,,,,,10600.,,,,,,,,,,,,,,,,,,,,,,,,,,,,,,,,,,,,,,32,,,,,345.3,21.81,267.1,216,72,,,,,,,,,,,,,155,269.6,458,,232.16,51,1.9,47.3,,43.3,,22.6,,21.2,3.1,,,,,,,,,,,,,99,,0.511648,,,1.281281,,,,,,,,,,,,,,,,,,,,,202253,
[5988],INTRAPLATE VOLCANICS,WEST-AFRICAN COASTAL BELTS - PAN-AFRICAN / WEST CONGOLIAN BELT / CONGO / BIBABAMBA GRANITE,"BIBABAMBA, 2 KM NE OF MOUNT KANDA",-4.2,-4.2,12,12,SUBAERIAL,,,s SM.1A [5988],GRANITE [5988],,,,PROTEROZOIC [5988],,,,PORPHYRITIC TO GRANOPHYRIC [5988] ,PLUTONIC ROCK,,,,,WHOLE_ROCK [5988] ,366562.52700000006,1798.0199999999998,,56100.606,,,,12592.26,9076.69,3377.0240000000003,154.8916,,16852.045,21958.9672,87.2842,,,,,,,,,,,,,,,,11000.,,,,,,,,,,,,,,,,,,,,,,,,,,,,,,,,,,,,,,,,,,,,,,,,,,,,,,,,,,,,,,,,,,,,,,,,,,,,,,,,,,,,,,,,,,,,,,,,,,,,,,,,,,,,,,,,,202254,
[5988],INTRAPLATE VOLCANICS,WEST-AFRICAN COASTAL BELTS - PAN-AFRICAN / WEST CONGOLIAN BELT / CONGO / BIBABAMBA GRANITE,"BIBABAMBA, 2 KM NE OF MOUNT KANDA",-4.2,-4.2,12,12,SUBAERIAL,,,s SM.1B [5988],GRANITE [5988],,,,PROTEROZOIC [5988],,,,PORPHYRITIC TO GRANOPHYRIC [5988] ,PLUTONIC ROCK,,,,,WHOLE_ROCK [5988] ,365534.17000000004,1378.482,,59805.363000000005,,,,9016.679999999998,7861.700000000001,3738.848,154.8916,,18346.315,21068.7388,87.2842,,,,,,,,,,,,,,,,10500.,,,,,,,,,,,,,,,,,,,,,,,,,,,,,,,,,,,,,,,,,,,173.4,8.07,33.5,221,11,,,,,,,,,,,,,885,30.3,63.5,,25.08,5.29,1.1,6.3,,6.8,,3.6,,4,0.8,,,,,,,,,,,,,25,,0.51156,,,0.769299,,,,,,,,,,,,,,,,,,,,,202255,
[5988],INTRAPLATE VOLCANICS,WEST-AFRICAN COASTAL BELTS - PAN-AFRICAN / WEST CONGOLIAN BELT / CONGO / BIBABAMBA GRANITE,"BIBABAMBA, 2 KM NE OF MOUNT KANDA",-4.2,-4.2,12,12,SUBAERIAL,,,s GM.3 [5988],GRANITE [5988],,,,PROTEROZOIC [5988],,,,PORPHYRITIC TO GRANOPHYRIC [5988] ,PLUTONIC ROCK,,,,,WHOLE_ROCK [5988] ,367403.91,1558.2839999999999,,50437.6203,,,,3731.04,5217.3099999999995,2050.3360000000002,154.8916,,34949.315,11276.2264,872.8420000000001,,,,,,,,,,,,,,,,25099.999999999996,,,,,,,,,,,,,,,,,,,,,,,,,,,,,,,,,,,,,,18.8,,,,,170.9,36.46,18.4,244,10,,,,,,,,,,,,,948,63,121.9,,44.8,8.38,1,4.1,,4.2,,2.2,,2.1,0.5,,,,,,,,,,,,,30,,0.511478,,,0.838632,,,,,,,,,,,,,,,,,,,,,202256,
[5988],INTRAPLATE VOLCANICS,WEST-AFRICAN COASTAL BELTS - PAN-AFRICAN / WEST CONGOLIAN BELT / CONGO / SOUNDA RHYOLITES,KAKAMOEKA,-4.13,-4.13,12.06,12.06,SUBAERIAL,,,s MR.1 [5988],RHYOLITE [5988],,,,PROTEROZOIC [5988],,,,,VOLCANIC ROCK,,,,,WHOLE_ROCK [5988] ,354736.42150000005,2517.2279999999996,,54989.178900000006,,,,40264.14,2358.51,2170.944,77.4458,,41424.485,1112.7855,130.9263,,,,,,,,,,,,,,,,17400.,,,,,,,,,,,,,,,,,,,,,,,,,,,,,,,,,,,,,,,,,,,,,,,,,,,,,,,,,,,,,,,,,,,,,,,,,,,,,,,,,,,,,,,,,,,,,,,,,,,,,,,,,,,,,,,,,202257,
[5988],INTRAPLATE VOLCANICS,WEST-AFRICAN COASTAL BELTS - PAN-AFRICAN / WEST CONGOLIAN BELT / CONGO / SOUNDA RHYOLITES,KAKAMOEKA,-4.13,-4.13,12.06,12.06,SUBAERIAL,,,s MR.2 [5988],RHYOLITE [5988],,,,PROTEROZOIC [5988],,,,,VOLCANIC ROCK,,,,,WHOLE_ROCK [5988] ,363664.43,2157.624,,58323.4602,,,,8083.92,3001.74,3437.3279999999995,154.8916,,49061.865,2448.1281,174.5684,,,,,,,,,,,,,,,,12400.,,,,,,,,,,,,,,,,,,,,,,,,,,,,,,,,,,,,,,,,,,,165.4,34.35,22,301,11,,,,,,,,,,,,,762,59.5,114.6,,42.48,8.56,1.7,5,,5.3,,3,,3.1,0.7,,,,,,,,,,,,,34,,0.511518,,,1.210639,,,,,,,,,,,,,,,,,,,,,202258,
[5988],INTRAPLATE VOLCANICS,WEST-AFRICAN COASTAL BELTS - PAN-AFRICAN / WEST CONGOLIAN BELT / CONGO / SOUNDA RHYOLITES,KAKAMOEKA,-4.13,-4.13,12.06,12.06,SUBAERIAL,,,s MR.3 [5988],RHYOLITE [5988],,,,PROTEROZOIC [5988],,,,,VOLCANIC ROCK,,,,,WHOLE_ROCK [5988] ,349080.45800000004,1917.888,,65044.9479,,,,21842.13,6932.59,4764.016,232.3374,,35364.39,5341.3704,0.,,,,,,,,,,,,,,,,23000.,,,,,,,,,,,,,,,,,,,,,,,,,,,,,,,,,,,,,,,,,,,,,,,,,,,,,,,,,,,,,,,,,,,,,,,,,,,,,,,,,,,,,,,,,,,,,,,,,,,,,,,,,,,,,,,,,202259,
[5988],INTRAPLATE VOLCANICS,WEST-AFRICAN COASTAL BELTS - PAN-AFRICAN / WEST CONGOLIAN BELT / CONGO / SOUNDA RHYOLITES,NGOUMINA,-4.55,-4.55,12.55,12.55,SUBAERIAL,,,s SRNB [5988],RHYOLITE [5988],,,,PROTEROZOIC [5988],,,,,VOLCANIC ROCK,,,,,WHOLE_ROCK [5988] ,354596.19100000005,1678.152,,55994.755800000006,,,,6451.589999999999,8576.4,2351.8559999999998,464.6748,,36111.524999999994,16543.411099999998,130.9263,,,,,,,,,,,,,,,,10700.,,,,,,,,,,,,,,,,,,,,,,,,,,,,,,,,,,,,,,,,,,,69.7,37.38,60.1,239,13,,,,,,,,,,,,,1043,48,105.4,,33.18,7.01,1.7,7.7,,8.4,,5.1,,5.2,0.8,,,,,,,,,,,,,20,,0.511591,,,0.851205,,,,,,,,,,,,,,,,,,,,,202260,
[5988],INTRAPLATE VOLCANICS,WEST-AFRICAN COASTAL BELTS - PAN-AFRICAN / WEST CONGOLIAN BELT / CONGO / SOUNDA RHYOLITES,NGOUMINA,-4.55,-4.55,12.55,12.55,SUBAERIAL,,,s OG.14 [5988],RHYOLITE [5988],,,,PROTEROZOIC [5988],,,,,VOLCANIC ROCK,,,,,WHOLE_ROCK [5988] ,360485.87200000003,1198.68,,65627.12400000001,,,,6373.86,4002.32,3316.7200000000003,309.7832,,26398.77,9124.8411,567.3473,,,,,,,,,,,,,,,,11000.,,,,,,,,,,,,,,,,,,,,,,,,,,,,,,,,,,,,,,29,,,,,489,27,57.6,284,10,,,,,,,,,,,,,1277,68.6,120,,52.3,12.2,1.5,9.8,,10.1,,5,,5.5,0.9,,,,,,,,,,,,,34,,,,,,,,,,,,,,,,,,,,,,,,,,202261,
[5988],INTRAPLATE VOLCANICS,WEST-AFRICAN COASTAL BELTS - PAN-AFRICAN / WEST CONGOLIAN BELT / CONGO / SOUNDA RHYOLITES,NGOUMINA,-4.55,-4.55,12.55,12.55,SUBAERIAL,,,s OG.15 [5988],RHYOLITE [5988],,,,PROTEROZOIC [5988],,,,,VOLCANIC ROCK,,,,,WHOLE_ROCK [5988] ,350295.789,1258.6139999999998,,67214.877,,,,7228.89,9719.92,1145.7759999999998,387.22900000000004,,31794.745,14466.2115,1265.6209,,,,,,,,,,,,,,,,9800.,,,,,,,,,,,,,,,,,,,,,,,,,,,,,,,,,,,,,,35.8,,,,,491,24,53.1,303,5,,,,,,,,,,,,,1147,32.8,55.5,,31.9,8.8,1.1,7.9,,9,,4.8,,5.3,0.9,,,,,,,,,,,,,23,,,,,,,,,,,,,,,,,,,,,,,,,,202262,
[5988],INTRAPLATE VOLCANICS,WEST-AFRICAN COASTAL BELTS - PAN-AFRICAN / WEST CONGOLIAN BELT / CONGO / SOUNDA RHYOLITES,NGOUMINA,-4.55,-4.55,12.55,12.55,SUBAERIAL,,,s SRNC [5988],RHYOLITE [5988],,,,PROTEROZOIC [5988],,,,,VOLCANIC ROCK,,,,,WHOLE_ROCK [5988] ,355297.3435000001,1618.218,,55306.7295,,,,21064.829999999998,5574.66,603.04,232.3374,,38934.035,17211.0824,0.,,,,,,,,,,,,,,,,15700.,,,,,,,,,,,,,,,,,,,,,,,,,,,,,,,,,,,,,,,,,,,,,,,,,,,,,,,,,,,,,,,,,,,,,,,,,,,,,,,,,,,,,,,,,,,,,,,,,,,,,,,,,,,,,,,,,202263,
[5988],INTRAPLATE VOLCANICS,WEST-AFRICAN COASTAL BELTS - PAN-AFRICAN / WEST CONGOLIAN BELT / CONGO / SOUNDA RHYOLITES,NGOUMINA,-4.55,-4.55,12.55,12.55,SUBAERIAL,,,s SRNA [5988],RHYOLITE [5988],,,,PROTEROZOIC [5988],,,,,VOLCANIC ROCK,,,,,WHOLE_ROCK [5988] ,355905.009,1738.0859999999998,,54089.45220000001,,,,5907.4800000000005,6360.83,2231.248,464.6748,,47152.52,17062.711,87.2842,,,,,,,,,,,,,,,,10500.,,,,,,,,,,,,,,,,,,,,,,,,,,,,,,,,,,,,,,,,,,,,,,,,,,,,,,,,,,,,,,,,,,,,,,,,,,,,,,,,,,,,,,,,,,,,,,,,,,,,,,,,,,,,,,,,,202264,
[7621],INTRAPLATE VOLCANICS,WEST-AFRICAN COASTAL BELTS - PAN-AFRICAN / GARIEP BELT / PORT NOLLOTH ZONE / HILDA-HOLGAT SUBGROUP-ROSH PINAH FORMATION,"FARM TREKPOORT, 45 KM NW OF ROSH PINAH",-28,-28,16.7,16.7,SUBAERIAL,,,s HFG113 [7621],RHYOLITE [7621],,,,PROTEROZOIC [7621],,,,K-FELDSPAR PHENOCRYSTS IN A FINE-GRAINED MATRIX [7621] ,VOLCANIC ROCK,,,,,WHOLE_ROCK [7621] ,364552.5565,899.0099999999999,,60546.3144,,,,11581.77,428.82,1085.472,77.4458,,42752.725000000006,24703.8381,174.5684,1800.,,,,,,,,,,,,,,,,,,,,,,,,,,,,,,,,,,,,,,,,,,,,,3,11,,,2,4,3,99,,,,,,110,72,161,651,80,2,,,,,,,,,,,,251,,,,,,,,,,,,,,,,,,,,,,,,,13,,20.2,4.8,,,,,,,,,,,,,,,,,,,,,,,,,202265,
[7621],INTRAPLATE VOLCANICS,WEST-AFRICAN COASTAL BELTS - PAN-AFRICAN / GARIEP BELT / PORT NOLLOTH ZONE / HILDA-HOLGAT SUBGROUP-ROSH PINAH FORMATION,"FARM SPITZKOP, 30 KM NORTH OF ROSH PINAH",-28,-28,16.7,16.7,SUBAERIAL,,,s HFG120 [7621],RHYOLITE [7621],,,,PROTEROZOIC [7621],,,,K-FELDSPAR PHENOCRYSTS IN A FINE-GRAINED MATRIX [7621] ,VOLCANIC ROCK,,,,,WHOLE_ROCK [7621] ,351277.4025,719.208,,60493.3893,,,,24640.41,428.82,844.2560000000001,77.4458,,48148.7,27893.8232,,1200.,,,,,,,,,,,,,,,,,,,,,,,,,,,,,,,,,,,,,,,,,,,,,2,14,,,3,4,3,177,,,,,,291,13,209,651,148,2,,,,,,,,,,,,115,,,,,,,,,,,,,,,,,,,,,,,,,15,,33,3.5,,,,,,,,,,,,,,,,,,,,,,,,,202266,
[7621],INTRAPLATE VOLCANICS,WEST-AFRICAN COASTAL BELTS - PAN-AFRICAN / GARIEP BELT / PORT NOLLOTH ZONE / HILDA-HOLGAT SUBGROUP-ROSH PINAH FORMATION,"FARM TREKPOORT, 45 KM NW OF ROSH PINAH",-28,-28,16.7,16.7,SUBAERIAL,,,s HFG121 [7621],BASALT [7621],,,,PROTEROZOIC [7621],,,,AMPHIBOLE PORPHYROBLASTS IN A MEDIUM-GRAINED MATRIX [7621] ,VOLCANIC ROCK,,,,,WHOLE_ROCK [7621] ,240448.564,20077.89,,72877.8627,,,,115118.13,43811.11,21890.352,1703.8076,,19840.585000000003,16246.6683,1876.6103,3700.,,,,,,,,,,,,,,,,,,,,,,,,,,,,,,,,,,,,,,,,,,,35,,191,9,,,35,,2,167,,,,,,105,159,60,263,29,2,,,,,,,,,,,,252,26,50,7,30,8,3,9,2,9,,5,,5,,,,,,,,,,,,3,,4,,,,,,,,,,,,,,,,,,,,,,,,,,202267,
[7621],INTRAPLATE VOLCANICS,WEST-AFRICAN COASTAL BELTS - PAN-AFRICAN / GARIEP BELT / PORT NOLLOTH ZONE / HILDA-HOLGAT SUBGROUP-ROSH PINAH FORMATION,"FARM TREKPOORT, 45 KM NW OF ROSH PINAH",-28,-28,16.7,16.7,SUBAERIAL,,,s HFG122 [7621],BASALT [7621],,,,PROTEROZOIC [7621],,,,AMPHIBOLE PORPHYROBLASTS IN A MEDIUM-GRAINED MATRIX [7621] ,VOLCANIC ROCK,,,,,WHOLE_ROCK [7621] ,225817.84850000002,21216.636,,73195.4133,,,,126933.08999999998,40952.310000000005,32684.767999999996,1781.2534,,22912.14,11721.3406,1963.8945,2200.,,,,,,,,,,,,,,,10500.,,,,,,,,,,,,,,,,,,,,,,,,,,,,37,,250,11,,,39,,2,179,,,,,,160,81,65,243,36,2,,,,,,,,,,,,138,23.3,55.5,7.85,33.7,9.25,3.09,10.3,1.67,10.3,,6.38,,5.71,,,,,,,,,,,,4,,4.8,,0.51258,,,0.75907,,,,,,,,,,,,,,,,,,,,,202268,
[7621],INTRAPLATE VOLCANICS,WEST-AFRICAN COASTAL BELTS - PAN-AFRICAN / GARIEP BELT / PORT NOLLOTH ZONE / HILDA-HOLGAT SUBGROUP-ROSH PINAH FORMATION,"FARM TREKPOORT, 45 KM NW OF ROSH PINAH",-28,-28,16.7,16.7,SUBAERIAL,,,s HFG123 [7621],BASALT [7621],,,,PROTEROZOIC [7621],,,,AMPHIBOLE PORPHYROBLASTS IN A MEDIUM-GRAINED MATRIX [7621] ,VOLCANIC ROCK,,,,,WHOLE_ROCK [7621] ,234184.93500000003,21036.834,,71713.5105,,,,109521.56999999999,35377.65,32142.032,2400.8197999999998,,23659.275,25000.5809,1614.7576999999999,2700.,,,,,,,,,,,,,,,,,,,,,,,,,,,,,,,,,,,,,,,,,,,38,,307,8,,,41,,8,168,,,,,,120,155,57,246,26,,,,,,,,,,,,,313,18,44,6,28,7,3,8,1,9,,5,,4,,,,,,,,,,,,7,,6,,,,,,,,,,,,,,,,,,,,,,,,,,202269,
[7621],INTRAPLATE VOLCANICS,WEST-AFRICAN COASTAL BELTS - PAN-AFRICAN / GARIEP BELT / PORT NOLLOTH ZONE / HILDA-HOLGAT SUBGROUP-ROSH PINAH FORMATION,"FARM TREKPOORT, 45 KM NW OF ROSH PINAH",-28,-28,16.7,16.7,SUBAERIAL,,,s HFG124 [7621],GABBRO [7621],,,,PROTEROZOIC [7621],,,,AMPHIBOLE PORPHYROBLASTS IN A MEDIUM-GRAINED MATRIX [7621] ,PLUTONIC ROCK,,,,,WHOLE_ROCK [7621] ,220909.78100000002,15163.301999999998,,77746.9719,,,,115739.97,68468.26,39137.296,1936.145,,2739.4950000000003,15504.811299999998,1003.7683000000001,2500.,,,,,,,,,,,,,,,12000.,,,,,,,,,,,,,,,,,,,,,,,,,,,,40,,348,67,,,55,55,57,134,,,,,,11,713,43,155,15,2,,,,,,,,,,,,36,12.7,30.1,4.53,19.3,5.5,1.93,6.58,1.06,6.59,,3.98,,3.64,,,,,,,,,,,,7,,,,0.51274,,,0.7144,,,,,,,,,,,,,,,,,,,,,202270,
[7621],INTRAPLATE VOLCANICS,WEST-AFRICAN COASTAL BELTS - PAN-AFRICAN / GARIEP BELT / MARMORA TERRANE / SCHAKALSBERGE COMPLEX-GROOTDERM FORMATION,"SCHAKALSBERGE MOUNTAINS, 70-90 KM EAST OF ORANJEMUND",-28.5,-28.5,16.5,16.5,SUBAERIAL,,,s SK20 [7621],BASALT [7621],,,,PROTEROZOIC [7621],,,,"VERY FINE-GRAINED, APHYRIC [7621] ",VOLCANIC ROCK,,,,,WHOLE_ROCK [7621] ,213243.847,16601.718,,72401.5368,,,,74776.26,63679.770000000004,28463.487999999998,1084.2412000000002,,1245.225,22997.567,1396.5472,100.,,,,,,,,,,,,,,,105399.99999999999,,,,,,,,,,,,,,,,,,,,,,,,,,,,31,,259,116,,,53,51,57,94,,,,,,3,212,25,176,24,,,,,,,,,,,,,37,40,,23.49,,,,,,,,,,,,,,,,,,,,,,,,2.3,12,,,,,,,,,,,,,,,,,,,,,,,,,202271,
[7621],INTRAPLATE VOLCANICS,WEST-AFRICAN COASTAL BELTS - PAN-AFRICAN / GARIEP BELT / MARMORA TERRANE / SCHAKALSBERGE COMPLEX-GROOTDERM FORMATION,"SCHAKALSBERGE MOUNTAINS, 70-90 KM EAST OF ORANJEMUND",-28.5,-28.5,16.5,16.5,SUBAERIAL,,,s SK22 [7621],BASALT [7621],,,,PROTEROZOIC [7621],,,,"VERY FINE-GRAINED, APHYRIC [7621] ",VOLCANIC ROCK,,,,,WHOLE_ROCK [7621] ,214272.20400000003,18879.21,,64356.9216,,,,80839.2,87336.34000000001,44202.831999999995,1084.2412000000002,,5395.975,18472.2393,1396.5472,2000.,,,,,,,,,,,,,,,48800.,,,,,,,,,,,,,,,,,,,,,,,,,,,,40,,320,885,,,85,276,99,117,,,,,,12,598,24,218,39,,,,,,,,,,,,,186,47.55,,28.27,,,,,,,,,,,,,,,,,,,,,,,,2.5,17.16,,,,,,,,,,,,,,,,,,,,,,,,,202272,
[7621],INTRAPLATE VOLCANICS,WEST-AFRICAN COASTAL BELTS - PAN-AFRICAN / GARIEP BELT / MARMORA TERRANE / SCHAKALSBERGE COMPLEX-GROOTDERM FORMATION,"SCHAKALSBERGE MOUNTAINS, 70-90 KM EAST OF ORANJEMUND",-28.5,-28.5,16.5,16.5,SUBAERIAL,,,s GD29 [7621],BASALT [7621],,,,PROTEROZOIC [7621],,,,"VERY FINE-GRAINED, APHYRIC [7621] ",VOLCANIC ROCK,,,,,WHOLE_ROCK [7621] ,220535.833,16601.718,,75047.7918,,,,101748.56999999999,73614.1,38112.128,1394.0244,,2158.39,18843.1678,1265.6209,1300.,,,,,,,,,,,,,,,26100.,,,,,,,,,,,,,,,,,,,,,,,,,,,,,,310,106,,,55,76,83,119,,,,,,3,585,27,171,21,3,,,,,,,,,,,,,,,,,,,,,,,,,,,,,,,,,,,,,,,2,,,,,,,,,,,,,,,,,,,,,,,,,,202273,
[7621],INTRAPLATE VOLCANICS,WEST-AFRICAN COASTAL BELTS - PAN-AFRICAN / GARIEP BELT / MARMORA TERRANE / SCHAKALSBERGE COMPLEX-GROOTDERM FORMATION,"SCHAKALSBERGE MOUNTAINS, 70-90 KM EAST OF ORANJEMUND",-28.5,-28.5,16.5,16.5,SUBAERIAL,,,s GD1 [7621],BASALT [7621],,,,PROTEROZOIC [7621],,,,PYROXENE(OR OLIVINE)-PHYRIC [7621] ,VOLCANIC ROCK,,,,,WHOLE_ROCK [7621] ,226285.2835,14863.632,,70337.4579,,,,82393.8,70255.01,52886.60799999999,1239.1328,,2988.54,21142.9245,1396.5472,1600.,,,,,,,,,,,,,,,26700.,,,,,,,,,,,,,,,,,,,,,,,,,,,,,,278,217,,,49,104,90,107,,,,,,8,1215,30,185,21,2,,,,,,,,,,,,,,,,,,,,,,,,,,,,,,,,,,,,,,,4,,,,,,,,,,,,,,,,,,,,,,,,,,202274,
[7621],INTRAPLATE VOLCANICS,WEST-AFRICAN COASTAL BELTS - PAN-AFRICAN / GARIEP BELT / MARMORA TERRANE / SCHAKALSBERGE COMPLEX-GROOTDERM FORMATION,"SCHAKALSBERGE MOUNTAINS, 70-90 KM EAST OF ORANJEMUND",-28.5,-28.5,16.5,16.5,SUBAERIAL,,,s GD25 [7621],BASALT [7621],,,,PROTEROZOIC [7621],,,,,VOLCANIC ROCK,,,,,WHOLE_ROCK [7621] ,223480.67350000003,11627.195999999998,,55677.2052,,,,90244.53,56961.59,82254.656,1316.5786,,2241.405,13427.6117,829.1999000000001,2500.,,,,,,,,,,,,,,,37700.,,,,,,,,,,,,,,,,,,,,,,,,,,,,,,250,1220,,,75,802,,66,,,,,,8,101,20,124,16,4,,,,,,,,,,,,,,,,,,,,,,,,,,,,,,,,,,,,,,,,,,,,,,,,,,,,,,,,,,,,,,,,,202275,
[7621],INTRAPLATE VOLCANICS,WEST-AFRICAN COASTAL BELTS - PAN-AFRICAN / GARIEP BELT / MARMORA TERRANE / SCHAKALSBERGE COMPLEX-GROOTDERM FORMATION,"SCHAKALSBERGE MOUNTAINS, 70-90 KM EAST OF ORANJEMUND",-28.5,-28.5,16.5,16.5,SUBAERIAL,,,s GD42 [7621],BASALT [7621],,,,PROTEROZOIC [7621],,,,PLAGIOCLASE-PHYRIC [7621] ,VOLCANIC ROCK,,,,,WHOLE_ROCK [7621] ,212729.6685,24213.336,,68696.7798,,,,117916.41,73757.04000000001,32925.984,1626.3618,,1826.33,8531.3555,2094.8208,1800.,,,,,,,,,,,,,,,41800.,,,,,,,,,,,,,,,,,,,,,,,,,,,,,,338,56,,,59,59,156,166,,,,,,8,430,41,288,39,3,,,,,,,,,,,,,,,,,,,,,,,,,,,,,,,,,,,,,,,5,,,,,,,,,,,,,,,,,,,,,,,,,,202276,
[7621],INTRAPLATE VOLCANICS,WEST-AFRICAN COASTAL BELTS - PAN-AFRICAN / GARIEP BELT / MARMORA TERRANE / SCHAKALSBERGE COMPLEX-GROOTDERM FORMATION,"SCHAKALSBERGE MOUNTAINS, 70-90 KM EAST OF ORANJEMUND",-28.5,-28.5,16.5,16.5,SUBAERIAL,,,s GD47 [7621],BASALT [7621],,,,PROTEROZOIC [7621],,,,OPAQUES-PHYRIC [7621] ,VOLCANIC ROCK,,,,,WHOLE_ROCK [7621] ,220676.06350000002,16361.981999999998,,70390.383,,,,93198.27,60820.97,38775.471999999994,1239.1328,,581.105,16024.111200000001,1178.3367,2500.,,,,,,,,,,,,,,,74300.,,,,,,,,,,,,,,,,,,,,,,,,,,,,,,315,95,,,54,66,55,126,,,,,,,964,29,185,21,2,,,,,,,,,,,,,,,,,,,,,,,,,,,,,,,,,,,,,,,3.8,,,,,,,,,,,,,,,,,,,,,,,,,,202277,
[7621],INTRAPLATE VOLCANICS,WEST-AFRICAN COASTAL BELTS - PAN-AFRICAN / GARIEP BELT / MARMORA TERRANE / SCHAKALSBERGE COMPLEX-GROOTDERM FORMATION,"SCHAKALSBERGE MOUNTAINS, 70-90 KM EAST OF ORANJEMUND",-28.5,-28.5,16.5,16.5,SUBAERIAL,,,s GD21 [7621],GABBRO [7621],,,,PROTEROZOIC [7621],,,,,PLUTONIC ROCK,,,,,WHOLE_ROCK [7621] ,230164.99400000004,19718.286,,72295.6866,,,,111620.28,35377.65,23337.648,1548.9160000000002,,6143.11,29451.7229,2269.3892,2300.,,,,,,,,,,,,,,,52400.,,,,,,,,,,,,,,,,,,,,,,,,,,,,,,238,9,,,45,11,39,166,,,,,,6,619,44,328,45,3,,,,,,,,,,,,,,,24.34,5.99,,,,,,,,,,,,,,,,,,,,,3,,5.4,,0.51266,,,0.70367,,,,,,,,,,,,,,,,,,,,,202278,
[7621],INTRAPLATE VOLCANICS,WEST-AFRICAN COASTAL BELTS - PAN-AFRICAN / GARIEP BELT / MARMORA TERRANE / CHAMEIS COMPLEX,BETWEEN CHAMEIS AND BOGENFELS,-28,-28,15.7,15.7,SUBAERIAL,,,s HFG7 [7621],BASALT [7621],,,,PROTEROZOIC [7621],,,,,VOLCANIC ROCK,,,,,WHOLE_ROCK [7621] ,235774.214,14803.698,,70496.2332,,,,93353.73,49528.71,28885.615999999998,1161.687,,3403.615,31677.293899999997,1440.1893,2000.,,,,,,,,,,,,,,,33000.,,,,,,,,,,,,,,,,,,,,,,,,,,,,34,,293,33,,,39,60,78,112,22,,,,,4,119,30,197,28,,,,,,,,,,,,,24,15.6,41.5,7.17,25.52,5.98,2.06,5.97,0.96,5.59,,2.61,,1.73,,,,,,,,,,,,4,,,,0.51269,,,0.70391,,,,,,,,,,,,,,,,,,,,,202279,
[7621],INTRAPLATE VOLCANICS,WEST-AFRICAN COASTAL BELTS - PAN-AFRICAN / GARIEP BELT / MARMORA TERRANE / CHAMEIS COMPLEX,BETWEEN CHAMEIS AND BOGENFELS,-28,-28,15.7,15.7,SUBAERIAL,,,s HFG10 [7621],BASALT [7621],,,,PROTEROZOIC [7621],,,,,VOLCANIC ROCK,,,,,WHOLE_ROCK [7621] ,225163.43950000004,23733.863999999998,,70390.383,,,,106179.18000000001,55746.6,28885.615999999998,1239.1328,,2573.465,31454.7368,2225.7471,1500.,,,,,,,,,,,,,,,11200.000000000002,,,,,,,,,,,,,,,,,,,,,,,,,,,,30,,333,42,,,34,44,20,63,28,,,,,,192,37,337,39,,,,,,,,,,,,,,28.1,68.2,8.68,43.11,9.89,2.74,8.06,1.4,7.59,,3.01,,2.08,,,,,,,,,,,,6,,,,0.5126,,,0.70367,,,,,,,,,,,,,,,,,,,,,202280,
[7621],INTRAPLATE VOLCANICS,WEST-AFRICAN COASTAL BELTS - PAN-AFRICAN / GARIEP BELT / MARMORA TERRANE / CHAMEIS COMPLEX,BETWEEN CHAMEIS AND BOGENFELS,-28,-28,15.7,15.7,SUBAERIAL,,,s HFG12 [7621],BASALT [7621],,,,PROTEROZOIC [7621],,,,,VOLCANIC ROCK,,,,,WHOLE_ROCK [7621] ,221891.39450000002,20077.89,,71819.3607,,,,104624.58,68539.73,28584.096,1316.5786,,8550.545,17062.711,1658.3998000000001,3500.,,,,,,,,,,,,,,,21900.,,,,,,,,,,,,,,,,,,,,,,,,,,,,33,,372,84,,,29,56,149,100,25,,,,,29,178,39,264,31,,,,,,,,,,,,,9,22.6,42.9,6.06,33.14,8.06,1.92,6.81,1.02,5.96,,3.13,,2.3,,,,,,,,,,,,6,,,,0.51261,,,0.70945,,,,,,,,,,,,,,,,,,,,,202281,
[7621],INTRAPLATE VOLCANICS,WEST-AFRICAN COASTAL BELTS - PAN-AFRICAN / GARIEP BELT / MARMORA TERRANE / CHAMEIS COMPLEX,BETWEEN CHAMEIS AND BOGENFELS,-28,-28,15.7,15.7,SUBAERIAL,,,s HFG41 [7621],BASALT [7621],,,,PROTEROZOIC [7621],,,,,VOLCANIC ROCK,,,,,WHOLE_ROCK [7621] ,224649.26100000003,14803.698,,64780.322400000005,,,,93509.18999999999,46026.68,53429.34399999999,2168.4824000000003,,913.165,27968.0089,1221.9788,,,,,,,,,,,,,,,,40300.,,,,,,,,,,,,,,,,,,,,,,,,,,,,34,,313,631,,,41,237,70,70,22,,,,,,37,25,180,22,,,,,,,,,,,,,,22.6,43.3,5.66,24.3,5.02,2.09,5.92,0.87,4.92,,2.43,,2.07,,,,,,,,,,,,,,,,,,,,,,,,,,,,,,,,,,,,,,,,202282,
[7621],INTRAPLATE VOLCANICS,WEST-AFRICAN COASTAL BELTS - PAN-AFRICAN / GARIEP BELT / MARMORA TERRANE / CHAMEIS COMPLEX,BETWEEN CHAMEIS AND BOGENFELS,-28,-28,15.7,15.7,SUBAERIAL,,,s HFG46 [7621],BASALT [7621],,,,PROTEROZOIC [7621],,,,,VOLCANIC ROCK,,,,,WHOLE_ROCK [7621] ,220489.08950000003,25112.346,,72507.387,,,,104857.77,51958.689999999995,35157.231999999996,851.9038,,3237.585,29303.3515,2007.5366000000001,,,,,,,,,,,,,,,,21500.,,,,,,,,,,,,,,,,,,,,,,,,,,,,29,,352,81,,,39,68,26,46,27,,,,,2,123,32,285,37,,,,,,,,,,,,,,23.5,49.8,7.01,30.1,6.55,2.14,6.38,0.91,4.9,,2.17,,1.31,,,,,,,,,,,,2,,,,,,,,,,,,,,,,,,,,,,,,,,,,202283,
[7621],INTRAPLATE VOLCANICS,WEST-AFRICAN COASTAL BELTS - PAN-AFRICAN / GARIEP BELT / MARMORA TERRANE / CHAMEIS COMPLEX,BETWEEN CHAMEIS AND BOGENFELS,-28,-28,15.7,15.7,SUBAERIAL,,,s HFG22 [7621],GABBRO [7621],,,,PROTEROZOIC [7621],,,,,PLUTONIC ROCK,,,,,WHOLE_ROCK [7621] ,217590.9925,20497.428,,66209.30010000001,,,,101282.18999999999,68968.55,44745.568,1084.2412000000002,,3652.66,22997.567,1614.7576999999999,5500.,,,,,,,,,,,,,,,18500.,,,,,,,,,,,,,,,,,,,,,,,,,,,,33,,315,234,,,48,164,104,71,26,,,,,4,213,29,231,30,,,,,,,,,,,,,,20.7,47.9,7.6,32.5,8.45,2.69,8.07,1.06,6.13,,2.65,,2.02,,,,,,,,,,,,4,,,,,,,,,,,,,,,,,,,,,,,,,,,,202284,
[7621],INTRAPLATE VOLCANICS,WEST-AFRICAN COASTAL BELTS - PAN-AFRICAN / GARIEP BELT / MARMORA TERRANE / CHAMEIS COMPLEX,BETWEEN CHAMEIS AND BOGENFELS,-28,-28,15.7,15.7,SUBAERIAL,,,s HFG23 [7621],GABBRO [7621],,,,PROTEROZOIC [7621],,,,,PLUTONIC ROCK,,,,,WHOLE_ROCK [7621] ,223620.90400000004,20317.626,,76053.36869999999,,,,94208.76,73614.1,35338.144,1161.687,,3486.6299999999997,24852.2095,1658.3998000000001,,,,,,,,,,,,,,,,13000.,,,,,,,,,,,,,,,,,,,,,,,,,,,,32,,308,175,,,34,99,90,81,27,,,,,8,520,30,227,30,,,,,,,,,,,,,,15.5,46,6.22,28.5,6.57,2.26,6.69,1.06,5.79,,2.31,,1.43,,,,,,,,,,,,6,,,,,,,,,,,,,,,,,,,,,,,,,,,,202285,
[7621],INTRAPLATE VOLCANICS,WEST-AFRICAN COASTAL BELTS - PAN-AFRICAN / GARIEP BELT / MARMORA TERRANE / CHAMEIS COMPLEX,BETWEEN CHAMEIS AND BOGENFELS,-28,-28,15.7,15.7,SUBAERIAL,,,s IR3 [7621],GABBRO [7621],,,,PROTEROZOIC [7621],,,,,PLUTONIC ROCK,,,,,WHOLE_ROCK [7621] ,229089.8935,16122.246,,73195.4133,,,,77185.89,70326.48,45348.60799999999,1161.687,,2407.435,29822.651399999995,1483.8314,300.,,,,,,,,,,,,,,,24300.,,,,,,,,,,,,,,,,,,,,,,,,,,,,31,,240,418,,,41,149,42,68,,,,,,6,518,24,164,26,,,,,,,,,,,,,54,17.42,47.65,,30.53,,,,,,,,,,,,,,,,,,,,,,,2,,,,,,,,,,,,,,,,,,,,,,,,,,202286,
[7621],INTRAPLATE VOLCANICS,WEST-AFRICAN COASTAL BELTS - PAN-AFRICAN / GARIEP BELT / MARMORA TERRANE / CHAMEIS COMPLEX,CHAMEIS BAY,-28,-28,15.7,15.7,SUBAERIAL,,,s HFG16 [7621],SERPENTINITE [7621],,,,PROTEROZOIC [7621],,,,,PLUTONIC ROCK,,,,,WHOLE_ROCK [7621] ,190292.78850000002,9229.836,,26144.999400000004,,,,109443.84,32375.910000000003,162398.672,1548.9160000000002,,332.06,296.7428,480.0631,,,,,,,,,,,,,,,,74000.,,,,,,,,,,,,,,,,,,,,,,,,,,,,,,,,,,,,,,27,,,,,1,18,30,227,30,,,,,,,,,,,,,,11.2,21,2.98,11.89,2.78,0.6,2.73,0.39,2.24,,0.98,,0.71,,,,,,,,,,,,,,,,0.51267,,,0.70669,,,,,,,,,,,,,,,,,,,,,202287,
[7621],INTRAPLATE VOLCANICS,WEST-AFRICAN COASTAL BELTS - PAN-AFRICAN / GARIEP BELT / MARMORA TERRANE / CHAMEIS COMPLEX,CHAMEIS BAY,-28,-28,15.7,15.7,SUBAERIAL,,,s IR1 [7621],PICRITE [7621],,,,PROTEROZOIC [7621],,,,PORPHYRITIC [7621] ,VOLCANIC ROCK,,,EXTENSIVELY ALTERED,,WHOLE_ROCK [7621] ,191695.09350000002,,,24345.546,,,,101748.56999999999,,165534.47999999998,,,166.03,,,,,,,,,,,,,,,,,,86800.,,,,,,,,,,,,,,,,,,,,,,,,,,,,21,,119,1359,,,147,1764,,83,,,,,,1,12,7,64,10,,,,,,,,,,,,,,5.25,14.85,,,,,,,,,,,,,,,,,,,,,,,,,3,,,,,,,,,,,,,,,,,,,,,,,,,,202288,
[7621],INTRAPLATE VOLCANICS,WEST-AFRICAN COASTAL BELTS - PAN-AFRICAN / GARIEP BELT / MARMORA TERRANE / CHAMEIS COMPLEX,,-28,-28,15.7,15.7,SUBAERIAL,,,s HFG24 [7621],HORNBLENDITE [7621],,,,PROTEROZOIC [7621],,,,,PLUTONIC ROCK,,,,,WHOLE_ROCK [7621] ,206279.06550000003,11447.393999999998,,38000.2218,,,,107578.31999999999,81690.20999999999,87621.71199999998,1703.8076,,4233.765,5786.4846,829.1999000000001,2100.,,,,,,,,,,,,,,,36800.,,,,,,,,,,,,,,,,,,,,,,,,,,,,46,,318,846,,,70,337,46,121,19,,,,,11,209,19,129,17,,,,,,,,,,,,,54,12.5,29.7,4.28,18.9,4.67,1.77,4.92,0.76,4.08,,1.88,,1.36,,,,,,,,,,,,2,,,,,,,,,,,,,,,,,,,,,,,,,,,,202289,
[7621],INTRAPLATE VOLCANICS,WEST-AFRICAN COASTAL BELTS - PAN-AFRICAN / GARIEP BELT / MARMORA TERRANE / CHAMEIS COMPLEX,BETWEEN CHAMEIS AND BOGENFELS,-28,-28,15.7,15.7,SUBAERIAL,,,s HFG13 [7621],GABBRO [7621],,,,PROTEROZOIC [7621],,,,,PLUTONIC ROCK,,,,,WHOLE_ROCK [7621] ,218525.86250000002,8630.496,,86003.2875,,,,89622.68999999999,74185.86,40102.159999999996,1161.687,,,20920.3674,480.0631,,,,,,,,,,,,,,,,25900.,,,,,,,,,,,,,,,,,,,,,,,,,,,,37,,288,86,,,42,75,62,51,20,,,,,2,270,31,72,6,,,,,,,,,,,,,,2.82,8.37,1.5,8.82,2.96,1.94,4.53,0.78,5.2,,3.19,,3.24,,,,,,,,,,,,1,,,,0.51301,,,0.70694,,,,,,,,,,,,,,,,,,,,,202290,
[7621],INTRAPLATE VOLCANICS,WEST-AFRICAN COASTAL BELTS - PAN-AFRICAN / GARIEP BELT / MARMORA TERRANE / CHAMEIS COMPLEX,BETWEEN CHAMEIS AND BOGENFELS,-28,-28,15.7,15.7,SUBAERIAL,,,s HFG14 [7621],GABBRO [7621],,,,PROTEROZOIC [7621],,,,,PLUTONIC ROCK,,,,,WHOLE_ROCK [7621] ,227313.64050000004,10848.054,,71448.88500000001,,,,101282.18999999999,75114.97,42695.231999999996,1703.8076,,,19139.9106,567.3473,,,,,,,,,,,,,,,,20900.,,,,,,,,,,,,,,,,,,,,,,,,,,,,58,,378,209,,,40,48,74,106,20,,,,,,91,40,92,7,,,,,,,,,,,,,,2.73,7.84,1.55,9.11,3.26,1.36,5.23,0.87,5.79,,3.38,,3.69,,,,,,,,,,,,2,,,,0.51306,,,0.70739,,,,,,,,,,,,,,,,,,,,,202291,
[7621],INTRAPLATE VOLCANICS,WEST-AFRICAN COASTAL BELTS - PAN-AFRICAN / GARIEP BELT / MARMORA TERRANE / CHAMEIS COMPLEX,CHAMEIS BAY,-28,-28,15.7,15.7,SUBAERIAL,,,s HFG15 [7621],PICRITE [7621],,,,PROTEROZOIC [7621],,,,PORPHYRITIC [7621] ,VOLCANIC ROCK,,,EXTENSIVELY ALTERED,,WHOLE_ROCK [7621] ,181177.806,1258.6139999999998,,38370.6975,,,,74076.68999999999,14365.47,188630.91199999998,1006.7954,,83.015,1112.7855,43.6421,,,,,,,,,,,,,,,,105399.99999999999,,,,,,,,,,,,,,,,,,,,,,,,,,,,26,,126,3131,,,113,1356,26,51,7,,,,,,1,6,8,2,,,,,,,,,,,,,,0.71,1.51,0.24,1.2,0.47,0.15,0.8,0.15,1.05,,0.68,,0.77,,,,,,,,,,,,,,,,,,,,,,,,,,,,,,,,,,,,,,,,202292,
[9615],INTRAPLATE VOLCANICS,WEST-AFRICAN COASTAL BELTS - PAN-AFRICAN / WESTERN CAPE PROVINCE / ALPHARD BANK,,-35.12,-35.12,20.5,20.5,SUBAQUATIC,,,s ADR-29A [9615],"BASALT, ALKALINE [9615]",58000000 [9615],76000000 [9615],,,,,,,VOLCANIC ROCK,,,,,WHOLE_ROCK [9615] ,204502.81250000003,22595.118,,73512.9639,,87774.70000000001,,,71398.53,34916.015999999996,1626.3618,,16935.06,34125.422,3665.9364,4400.,,,,,,,,,,,,,,,21200.,,,,,,,,,,,,,,,,,,,,,,,,,,,,19,,244,188,,,,107,,,,,,,,53,1367,42,573,135,,,,,,,,,,,,,874,,,,,,,,,,,,,,,,,,,,,,,,,,,12.9,,,,,,,,,,,,,,,,,,,,,,,,,,264788,
[9615],INTRAPLATE VOLCANICS,WEST-AFRICAN COASTAL BELTS - PAN-AFRICAN / WESTERN CAPE PROVINCE / ALPHARD BANK,,-35.12,-35.12,20.5,20.5,SUBAQUATIC,,,s ADR-29B [9615],"BASALT, ALKALINE [9615]",58000000 [9615],76000000 [9615],,,,,,,VOLCANIC ROCK,,,,,WHOLE_ROCK [9615] ,204128.86450000003,,,71501.8101,,89033.62000000001,,,75114.97,,,,14527.625,23145.9384,3665.9364,6100.,,,,,,,,,,,,,,,22599.999999999996,,,,,,,,,,,,,,,,,,,,,,,,,,,,21,,246,,,,,,,,,,,,,2.07,1444,42,,133,,,,,,,,,,,,0.56,804,88.8,182,22.2,85.6,15.8,4.85,12.5,1.74,9.08,1.55,3.73,0.49,2.79,0.38,10.8,,,,,,,,,,6.07,,11.8,2.89,0.512842,,,0.702947,,20.758,,15.787,,40.145,,,,,,,,0.282791,,,,,,,264789,
[9615],INTRAPLATE VOLCANICS,WEST-AFRICAN COASTAL BELTS - PAN-AFRICAN / WESTERN CAPE PROVINCE / ALPHARD BANK,,-35.12,-35.12,20.5,20.5,SUBAQUATIC,,,s ADR-29C [9615],"BASALT, ALKALINE [9615]",58000000 [9615],76000000 [9615],,,,,,,VOLCANIC ROCK,,,,,WHOLE_ROCK [9615] ,204409.3255,,,71925.2109,,89663.08,,,74757.62000000001,,,,,,,5800.,,,,,,,,,,,,,,,22000.,,,,,,,,,,,,,,,,,,,,,,,,,,,,22,,,,,,,,,,,,,,,1.83,1315,43,,134,,,,,,,,,,,,0.64,810,91.5,177,22.3,88,16.6,4.66,13,1.84,9.12,1.63,4.11,0.53,2.96,0.4,11,,,,,,,,,,6.22,,11.8,2.67,0.512842,,,0.702958,,20.699,,15.796,,40.131,,,,,,,,0.282769,,,,,,,264790,
[9615],INTRAPLATE VOLCANICS,WEST-AFRICAN COASTAL BELTS - PAN-AFRICAN / WESTERN CAPE PROVINCE / ALPHARD BANK,,-35.12,-35.12,20.5,20.5,SUBAQUATIC,,,s ADR-29E [9615],"BASALT, ALKALINE [9615]",58000000 [9615],76000000 [9615],,,,,,,VOLCANIC ROCK,,,,,WHOLE_ROCK [9615] ,204643.04300000003,,,74042.2149,,87425.,,,71898.82,,,,,,,3300.,,,,,,,,,,,,,,,21500.,,,,,,,,,,,,,,,,,,,,,,,,,,,,19,,,,,,,,,,,,,,,55,1382,43,,,,,,,,,,,,,,,,,,,,,,,,,,,,,,,,,,,,,,,,,,13.2,,,,,,,,,,,,,,,,,,,,,,,,,,264791,
[9615],INTRAPLATE VOLCANICS,WEST-AFRICAN COASTAL BELTS - PAN-AFRICAN / WESTERN CAPE PROVINCE / ALPHARD BANK,,-35.12,-35.12,20.5,20.5,SUBAQUATIC,,,s ADR-29H [9615],"BASALT, ALKALINE [9615]",58000000 [9615],76000000 [9615],,,,,,,VOLCANIC ROCK,,,,,WHOLE_ROCK [9615] ,205858.374,,,73936.3647,,85816.37999999999,,,74972.03,,,,,,,6700.,,,,,,,,,,,,,,,32300.,,,,,,,,,,,,,,,,,,,,,,,,,,,,20,,,,,,,,,,,,,,,36,1367,44,,,,,,,,,,,,,,,,,,,,,,,,,,,,,,,,,,,,,,,,,,11.9,,,,,,,,,,,,,,,,,,,,,,,,,,264792,
[9615],INTRAPLATE VOLCANICS,WEST-AFRICAN COASTAL BELTS - PAN-AFRICAN / WESTERN CAPE PROVINCE / SPIEGEL RIVER,,-34,-34,20.9,20.9,SUBAERIAL,,,s SPR-1 [9615],"MELILITITE, OLIVINE [9615]",58000000 [9615],76000000 [9615],,,,,,,VOLCANIC ROCK,,,,,WHOLE_ROCK [9615] ,174166.28100000002,,,,,99524.62000000001,,,90123.67,107702.94399999999,,,,,,1000.,,,,,,,,,,,,,,,6000.,,,,,,,,,,,,,,,,,,,,,,,,,,,,,,,,,,,,,,,,,,,79,1007,24,,,,,,,,,,,,,,,,,,,,,,,,,,,,,,,,,,,,,,,,,,,,,,,,,,,,,,,,,,,,,,,,,,,,264793,
[9615],INTRAPLATE VOLCANICS,WEST-AFRICAN COASTAL BELTS - PAN-AFRICAN / WESTERN CAPE PROVINCE / SPIEGEL RIVER,,-34,-34,20.9,20.9,SUBAERIAL,,,s SPR-2 [9615],"MELILITITE, OLIVINE [9615]",58000000 [9615],76000000 [9615],,,,,,,VOLCANIC ROCK,,,,,WHOLE_ROCK [9615] ,171174.69700000001,,,,,98545.45999999999,,,91696.01,100948.89599999998,,,,,,2000.,,,,,,,,,,,,,,,12400.,,,,,,,,,,,,,,,,,,,,,,,,,,,,28,,,,,,,,,,,,,,,4.54,353,26,,121,,,,,,,,,,,,0.93,836,75.7,155,18.4,69.8,12.1,3.36,8.5,1.13,5.54,0.91,2.11,0.27,1.52,0.21,7.16,,,,,,,,,,7.94,,10.2,2.57,0.512752,,,0.703328,,18.518,,15.642,,38.324,,,,,,,,,,,,,,,264794,
[9615],INTRAPLATE VOLCANICS,WEST-AFRICAN COASTAL BELTS - PAN-AFRICAN / WESTERN CAPE PROVINCE / SPIEGEL RIVER,,-34,-34,20.9,20.9,SUBAERIAL,,,s SPR-3 [9615],"MELILITITE, OLIVINE [9615]",58000000 [9615],76000000 [9615],,,,,,,VOLCANIC ROCK,,,,,WHOLE_ROCK [9615] ,,25591.817999999996,,38264.8473,,,,,,,1626.3618,,17848.225,24703.8381,3622.2943,2900.,,,,,,,,,,,,,,,7200.,,,,,,,,,,,,,,,,,,,,,,,,,,,,,,291,768,,,,463,,,,,,,,2.48,520,,344,118,,,,,,,,,,,,0.86,776,73,145,17.6,69.2,12.2,3.26,8.43,1.06,5.26,0.87,2.1,0.26,1.43,0.19,6.96,,,0.00005,0.000049,,,,,,9.35,,8.8,2.35,0.512776,,,0.703271,,18.302,,15.553,,37.934,,,,,0.21089,,,0.28275,,,,,,,264795,
[9615],INTRAPLATE VOLCANICS,WEST-AFRICAN COASTAL BELTS - PAN-AFRICAN / WESTERN CAPE PROVINCE / ROBERTSON,,-35.12,-35.12,20.5,20.5,SUBAERIAL,,,s KLV-1 [9615],"MELILITITE, OLIVINE [9615]",58000000 [9615],76000000 [9615],,,,,,,VOLCANIC ROCK,,,,,WHOLE_ROCK [9615] ,,26550.761999999995,,38582.3979,,,,,,,1471.4702,,13531.445,13130.8689,3665.9364,1800.,,,,,,,,,,,,,,,4600.,,,,,,,,,,,,,,,,,,,,,,,,,,,,,,291,671,,,,542,,,,,,,,5.99,544,,489,113,,,,,,,,,,,,0.62,632,61.2,123,15.1,61.6,12,3.41,8.86,1.12,5.85,0.96,2.19,0.28,1.6,0.22,10.84,,,,,,,,,,9.56,,7.5,2.16,0.512807,,,0.703187,,19.623,,15.709,,39.172,,,,,,,,,,,,,,,264796,
[9615],INTRAPLATE VOLCANICS,WEST-AFRICAN COASTAL BELTS - PAN-AFRICAN / WESTERN CAPE PROVINCE / ROBERTSON,,-35.12,-35.12,20.5,20.5,SUBAERIAL,,,s ROB-2 [9615],"MELILITITE, OLIVINE [9615]",58000000 [9615],76000000 [9615],,,,,,,VOLCANIC ROCK,,,,,WHOLE_ROCK [9615] ,,26071.289999999997,,39111.6489,,,,,,,1471.4702,,14610.64,17656.1966,3273.1575000000003,,,,,,,,,,,,,,,,3400.0000000000005,,,,,,,,,,,,,,,,,,,,,,,,,,,,,,328,740,,,,537,,,,,,,,,931,,476,110,,,,,,,,,,,,,640,,,,,,,,,,,,,,,,,,,,,,,,,,,7.5,,,,,,,,,,,,,,,,,,,,,,,,,,264797,
[9615],INTRAPLATE VOLCANICS,WEST-AFRICAN COASTAL BELTS - PAN-AFRICAN / WESTERN CAPE PROVINCE / ROBERTSON,,-35.12,-35.12,20.5,20.5,SUBAERIAL,,,s ROB-3 [9615],"MELILITITE, OLIVINE [9615]",58000000 [9615],76000000 [9615],,,,,,,VOLCANIC ROCK,,,,,WHOLE_ROCK [9615] ,,26191.158,,37788.5214,,,,,,,1548.9160000000002,,14278.58,12685.7547,3185.8732999999997,,,,,,,,,,,,,,,,10100.,,,,,,,,,,,,,,,,,,,,,,,,,,,,,,292,661,,,,555,,,,,,,,,860,,501,114,,,,,,,,,,,,,647,,,,,,,,,,,,,,,,,,,,,,,,,,,8.2,,,,,,,,,,,,,,,,,,,,,,,,,,264798,
[9615],INTRAPLATE VOLCANICS,WEST-AFRICAN COASTAL BELTS - PAN-AFRICAN / WESTERN CAPE PROVINCE / ROBERTSON,,-35.12,-35.12,20.5,20.5,SUBAERIAL,,,s ROB-9 [9615],"MELILITITE, OLIVINE [9615]",58000000 [9615],76000000 [9615],,,,,,,VOLCANIC ROCK,,,,,WHOLE_ROCK [9615] ,,25951.422,,38106.072,,,,,,,1548.9160000000002,,14195.565,17062.711,3185.8732999999997,,,,,,,,,,,,,,,,2900.,,,,,,,,,,,,,,,,,,,,,,,,,,,,,,288,654,,,,547,,,,,,,,,819,,476,107,,,,,,,,,,,,,601,,,,,,,,,,,,,,,,,,,,,,,,,,,8,,,,,,,,,,,,,,,,,,,,,,,,,,264799,
[9615],INTRAPLATE VOLCANICS,WEST-AFRICAN COASTAL BELTS - PAN-AFRICAN / WESTERN CAPE PROVINCE / ROBERTSON,,-35.12,-35.12,20.5,20.5,SUBAERIAL,,,s ROB-10 [9615],"MELILITITE, OLIVINE [9615]",58000000 [9615],76000000 [9615],,,,,,,VOLCANIC ROCK,,,,,WHOLE_ROCK [9615] ,,26071.289999999997,,41863.754100000006,,,,,,,1548.9160000000002,,13448.43,14021.0973,3142.2311999999997,,,,,,,,,,,,,,,,5600.000000000001,,,,,,,,,,,,,,,,,,,,,,,,,,,,,,288,675,,,,560,,,,,,,,3.84,461,,475,111,,,,,,,,,,,,0.53,582,64.4,135,16.7,65.1,12,3.47,8.93,1.18,5.79,0.94,2.12,0.27,1.47,0.19,11.2,,,0.000093,0.000063,,,,,,3,,8.5,2.26,0.512801,,,0.703199,,20.713,,15.798,,40.271,,,,,0.19417,,,0.282752,,,,,,,264800,
[9615],INTRAPLATE VOLCANICS,WEST-AFRICAN COASTAL BELTS - PAN-AFRICAN / WESTERN CAPE PROVINCE / SUTHERLAND,SUTHERLAND TOWNLANDS,-32.4,-32.4,20.6,20.6,SUBAERIAL,,,s ROB-11 [9615],"MELILITITE, OLIVINE [9615]",58000000 [9615],76000000 [9615],,,,,,,VOLCANIC ROCK,,,,,WHOLE_ROCK [9615] ,,26131.224000000002,,38264.8473,,,,,,,1548.9160000000002,,15357.775000000001,15208.068499999998,3360.4417000000003,,,,,,,,,,,,,,,,3500.,,,,,,,,,,,,,,,,,,,,,,,,,,,,,,292,691,,,,562,,,,,,,,7.39,551,,476,107,,,,,,,,,,,,0.52,572,62.5,129,16.1,63.7,12.1,3.29,9.34,1.23,5.87,1,2.32,0.28,1.56,0.2,11.6,,,0.00007,0.000083,,,,,,2.62,,7.83,1.85,0.512802,,,0.703198,,20.721,,15.798,,40.274,,,,,0.19321,,,0.28277,,,,,,,264801,
[9615],INTRAPLATE VOLCANICS,WEST-AFRICAN COASTAL BELTS - PAN-AFRICAN / WESTERN CAPE PROVINCE / SUTHERLAND,SUTHERLAND TOWNLANDS,-32.4,-32.4,20.6,20.6,SUBAERIAL,,,s KSV-256 [9615],"MELILITITE, OLIVINE [9615]",58000000 [9615],76000000 [9615],,,,,,,VOLCANIC ROCK,,,,,WHOLE_ROCK [9615] ,170146.34,,,,,89733.02,,,106132.95,110899.056,,,,,,700.0000000000001,,,,,,,,,,,,,,,2100.,,,,,,,,,,,,,,,,,,,,,,,,,,,,30,,,,,,,,,,,,,,,13.4,292,25,,124,,,,,,,,,,,,0.88,1411,73.7,144,16.8,64.3,11.4,3.24,8.18,1.08,5.34,0.87,1.99,0.25,1.4,0.19,6.6,,,0.000409,0.000089,,,,,,2.28,,,2.53,0.512806,,,0.703465,,20.248,,15.73,,40.216,,,,,0.20982,,,0.282817,,,,,,,264802,
[9615],INTRAPLATE VOLCANICS,WEST-AFRICAN COASTAL BELTS - PAN-AFRICAN / WESTERN CAPE PROVINCE / SUTHERLAND,SUTHERLAND TOWNLANDS,-32.4,-32.4,20.6,20.6,SUBAERIAL,,,s KSV-257 [9615],"MELILITITE, OLIVINE [9615]",58000000 [9615],76000000 [9615],,,,,,,VOLCANIC ROCK,,,,,WHOLE_ROCK [9615] ,163415.276,,,,,87355.06,,,106061.48,109753.27999999998,,,,,,4800.,,,,,,,,,,,,,,,44800.00000000001,,,,,,,,,,,,,,,,,,,,,,,,,,,,26,,,,,,,,,,,,,,,70,1399,24,,,,,,,,,,,,,,,1248,,,,,,,,,,,,,,,,,,,,,,,,,,,10,,,,,,,,,,,,,,,,,,,,,,,,,,264803,
[9615],INTRAPLATE VOLCANICS,WEST-AFRICAN COASTAL BELTS - PAN-AFRICAN / WESTERN CAPE PROVINCE / SUTHERLAND,SUTHERLAND TOWNLANDS,-32.4,-32.4,20.6,20.6,SUBAERIAL,,,s KSV-258 [9615],"MELILITITE, OLIVINE [9615]",58000000 [9615],76000000 [9615],,,,,,,VOLCANIC ROCK,,,,,WHOLE_ROCK [9615] ,162059.71450000003,,,,,88823.79999999999,,,110278.20999999999,92265.12,,,,,,6300.,,,,,,,,,,,,,,,49200.,,,,,,,,,,,,,,,,,,,,,,,,,,,,25,,,,,,,,,,,,,,,62,1042,28,,,,,,,,,,,,,,,1329,,,,,,,,,,,,,,,,,,,,,,,,,,,11.4,,0.51281,,,0.7037,,,,,,,,,,,,,,,,,,,,,264804,
[9615],INTRAPLATE VOLCANICS,WEST-AFRICAN COASTAL BELTS - PAN-AFRICAN / WESTERN CAPE PROVINCE / SUTHERLAND,SUTHERLAND TOWNLANDS,-32.4,-32.4,20.6,20.6,SUBAERIAL,,,s KSV-259 [9615],"MELILITITE, OLIVINE [9615]",58000000 [9615],76000000 [9615],,,,,,,VOLCANIC ROCK,,,,,WHOLE_ROCK [9615] ,165892.68150000004,,,,,91131.81999999999,,,112994.07,97511.568,,,,,,1300.,,,,,,,,,,,,,,,7600.,,,,,,,,,,,,,,,,,,,,,,,,,,,,30,,,,,,,,,,,,,,,66,1274,27,,,,,,,,,,,,,,,1073,,,,,,,,,,,,,,,,,,,,,,,,,,,12.3,,0.512833,,,0.70367,,,,,,,,,,,,,,,,,,,,,264805,
[9615],INTRAPLATE VOLCANICS,WEST-AFRICAN COASTAL BELTS - PAN-AFRICAN / WESTERN CAPE PROVINCE / SUTHERLAND,SUTHERLAND TOWNLANDS,-32.4,-32.4,20.6,20.6,SUBAERIAL,,,s KSV-260 [9615],"MELILITITE, OLIVINE [9615]",58000000 [9615],76000000 [9615],,,,,,,VOLCANIC ROCK,,,,,WHOLE_ROCK [9615] ,162901.09750000003,,,,,89383.31999999999,,,111779.08,111863.92,,,,,,4200.,,,,,,,,,,,,,,,41400.,,,,,,,,,,,,,,,,,,,,,,,,,,,,22,,,,,,,,,,,,,,,47,1358,24,,,,,,,,,,,,,,,,,,,,,,,,,,,,,,,,,,,,,,,,,,13.2,,,,,,,,,,,,,,,,,,,,,,,,,,264806,
[9615],INTRAPLATE VOLCANICS,WEST-AFRICAN COASTAL BELTS - PAN-AFRICAN / WESTERN CAPE PROVINCE / SUTHERLAND,SUTHERLAND TOWNLANDS,-32.4,-32.4,20.6,20.6,SUBAERIAL,,,s KSV-261 [9615],"MELILITITE, OLIVINE [9615]",58000000 [9615],76000000 [9615],,,,,,,VOLCANIC ROCK,,,,,WHOLE_ROCK [9615] ,158413.7215,,,,,79871.48,,,97842.43,113853.95199999999,,,,,,6100.,,,,,,,,,,,,,,,66000.,,,,,,,,,,,,,,,,,,,,,,,,,,,,27,,,,,,,,,,,,,,,71,,24,,,,,,,,,,,,,,,1471,,,,,,,,,,,,,,,,,,,,,,,,,,,10.5,,0.512822,,,0.70379,,,,,,,,,,,,,,,,,,,,,264807,
[9615],INTRAPLATE VOLCANICS,WEST-AFRICAN COASTAL BELTS - PAN-AFRICAN / WESTERN CAPE PROVINCE / SUTHERLAND,SUTHERLAND TOWNLANDS,-32.4,-32.4,20.6,20.6,SUBAERIAL,,,s KSV-262 [9615],"MELILITITE, OLIVINE [9615]",58000000 [9615],76000000 [9615],,,,,,,VOLCANIC ROCK,,,,,WHOLE_ROCK [9615] ,156357.00750000004,,,,,84837.22,,,100272.40999999999,114456.992,,,,,,4500.,,,,,,,,,,,,,,,52300.00000000001,,,,,,,,,,,,,,,,,,,,,,,,,,,,29,,,,,,,,,,,,,,,77,,25,,,,,,,,,,,,,,,1522,,,,,,,,,,,,,,,,,,,,,,,,,,,11.9,,0.512828,,,0.70371,,,,,,,,,,,,,,,,,,,,,264808,
[9615],INTRAPLATE VOLCANICS,WEST-AFRICAN COASTAL BELTS - PAN-AFRICAN / WESTERN CAPE PROVINCE / SUTHERLAND,SUTHERLAND TOWNLANDS,-32.4,-32.4,20.6,20.6,SUBAERIAL,,,s KSV-263 [9615],"MELILITITE, OLIVINE [9615]",58000000 [9615],76000000 [9615],,,,,,,VOLCANIC ROCK,,,,,WHOLE_ROCK [9615] ,154580.7545,,,,,84487.52,,,109634.98,110416.62399999998,,,,,,3800.,,,,,,,,,,,,,,,53500.,,,,,,,,,,,,,,,,,,,,,,,,,,,,31,,,,,,,,,,,,,,,82,1851,26,,,,,,,,,,,,,,,1953,88.8,154,17.9,66.6,11.9,2.98,8.29,1.06,5.07,,2.01,,1.4,,,,,,,,,,,,,,13.5,,,,,,,,,,,,,,,,,,,,,,,,,,264809,
[9615],INTRAPLATE VOLCANICS,WEST-AFRICAN COASTAL BELTS - PAN-AFRICAN / WESTERN CAPE PROVINCE / SUTHERLAND,SUTHERLAND TOWNLANDS,-32.4,-32.4,20.6,20.6,SUBAERIAL,,,s KSV-265 [9615],"MELILITITE, OLIVINE [9615]",58000000 [9615],76000000 [9615],,,,,,,VOLCANIC ROCK,,,,,WHOLE_ROCK [9615] ,150467.3265,,,,,95677.92,,,122785.45999999999,117834.01599999999,,,,,,1400.0000000000002,,,,,,,,,,,,,,,15300.,,,,,,,,,,,,,,,,,,,,,,,,,,,,28,,,,,,,,,,,,,,,43,1639,31,,,,,,,,,,,,,,,1252,,,,,,,,,,,,,,,,,,,,,,,,,,,21,,0.512778,,,0.70416,,,,,,,,,,,,,,,,,,,,,264810,
[9615],INTRAPLATE VOLCANICS,WEST-AFRICAN COASTAL BELTS - PAN-AFRICAN / WESTERN CAPE PROVINCE / SUTHERLAND,SUTHERLAND TOWNLANDS,-32.4,-32.4,20.6,20.6,SUBAERIAL,,,s KSV-266 [9615],"MELILITITE, OLIVINE [9615]",58000000 [9615],76000000 [9615],,,,,,,VOLCANIC ROCK,,,,,WHOLE_ROCK [9615] ,147475.74250000002,,,,,96587.14,,,129718.04999999999,115602.768,,,,,,1200.,,,,,,,,,,,,,,,8700.,,,,,,,,,,,,,,,,,,,,,,,,,,,,28,,,,,,,,,,,,,,,39.1,1781,34,,209,,,,,,,,,,,,0.62,1121,146,277,32,117,18.9,5.3,12.9,1.63,7.72,1.22,2.7,0.35,1.85,0.25,5.55,,,0.000799,0.000091,,,,,,4.75,,25.1,5.94,0.512788,,,0.70414,,,,,,,,,,,0.23673,,,0.282829,,,,,,,264811,
[9615],INTRAPLATE VOLCANICS,WEST-AFRICAN COASTAL BELTS - PAN-AFRICAN / WESTERN CAPE PROVINCE / SALPETRE KOP,,-32.35,-32.35,20.9,20.9,SUBAERIAL,,,s SPK-1 [9615],"MELILITITE, OLIVINE [9615]",58000000 [9615],76000000 [9615],,,,,,,VOLCANIC ROCK,,,,,WHOLE_ROCK [9615] ,158694.18250000002,,,,,77563.45999999999,,,129217.76,103602.272,,,,,,4200.,,,,,,,,,,,,,,,20600.,,,,,,,,,,,,,,,,,,,,,,,,,,,,28,,,,,,,,,,,,,,,12.3,606,26,,149,,,,,,,,,,,,1.38,1645,191,308,31.5,106,15.8,4.29,10.5,1.32,6.12,0.94,1.98,0.24,1.17,0.15,3.06,,,0.000683,0.000103,,,,,,15.4,,27.1,5.54,0.512683,,,0.704316,,19.057,,15.655,,39.192,,,,,0.19258,,,0.282766,,,,,,,264812,
[9615],INTRAPLATE VOLCANICS,WEST-AFRICAN COASTAL BELTS - PAN-AFRICAN / WESTERN CAPE PROVINCE / SALPETRE KOP,,-32.35,-32.35,20.9,20.9,SUBAERIAL,,,s SPK-2 [9615],"MELILITITE, OLIVINE [9615]",58000000 [9615],76000000 [9615],,,,,,,VOLCANIC ROCK,,,,,WHOLE_ROCK [9615] ,164537.12000000002,,,,,76794.12000000001,,,121713.41,101793.15199999999,,,,,,3700.,,,,,,,,,,,,,,,23500.,,,,,,,,,,,,,,,,,,,,,,,,,,,,29,,,,,,,,,,,,,,,50,1272,24,,,,,,,,,,,,,,,2167,,,,,,,,,,,,,,,,,,,,,,,,,,,26.9,,,,,,,,,,,,,,,,,,,,,,,,,,264813,
[9615],INTRAPLATE VOLCANICS,WEST-AFRICAN COASTAL BELTS - PAN-AFRICAN / WESTERN CAPE PROVINCE / SALPETRE KOP,,-32.35,-32.35,20.9,20.9,SUBAERIAL,,,s SPK-3 [9615],"MELILITITE, OLIVINE [9615]",58000000 [9615],76000000 [9615],,,,,,,VOLCANIC ROCK,,,,,WHOLE_ROCK [9615] ,160844.3835,,,,,79102.14,,,123214.27999999998,103119.84,,,,,,3500.,,,,,,,,,,,,,,,21800.,,,,,,,,,,,,,,,,,,,,,,,,,,,,32,,,,,,,,,,,,,,,16.6,524,29,,161,,,,,,,,,,,,0.87,2573,182,301,31.3,105,15.4,4.13,10.1,1.29,6.14,0.99,2.16,0.26,1.31,0.17,6.05,,,0.000192,0.000144,,,,,,49.3,,29.2,7.04,0.512698,,,0.704329,,18.907,,15.667,,38.961,,,,,0.16045,,,0.282751,,,,,,,264814,
[9615],INTRAPLATE VOLCANICS,WEST-AFRICAN COASTAL BELTS - PAN-AFRICAN / WESTERN CAPE PROVINCE / SUTHERLAND,SUTHERLAND TOWNLANDS,-32.4,-32.4,20.6,20.6,SUBAERIAL,,,s KSV-266 [9615],"MELILITITE, OLIVINE [9615]",58000000 [9615],76000000 [9615],,,,,,,VOLCANIC ROCK,,,,,WHOLE_ROCK [9615] ,,,,,,,,,,,,,,,,,,,,,,,,,,,,,,,,,,,,,,,,,,,,,,,,,,,,,,,,,,,,,,,,,,,,,,,,,,2.05,858,,,,,,,,,,,,,,,,,,,,,,,,,,,,,,,,,,,,,,,,,,,,,0.512799,,,0.703546,,20.172,,15.696,,40.183,,,,,,,,,,,,,,,264839,
[8587],INTRAPLATE VOLCANICS,WEST-AFRICAN COASTAL BELTS - PAN-AFRICAN / WESTERN CAPE PROVINCE / SALPETRE KOP,,-32.35,-32.35,20.9,20.9,SUBAERIAL,,,s C25 [8587],"MELILITITE, OLIVINE [8587]",,,,,,,,,VOLCANIC ROCK,,,,,WHOLE_ROCK [8587] ,170099.5965,14144.423999999999,,39640.899900000004,,4266.34,73143.93000000001,,113565.83,108064.76800000001,1471.4702,,11207.025000000001,20697.8103,4669.7047,,,2800.0000000000005,,,,,,,,,,,,,39200.,,,,,,,,,,,,,,,,,,,,,,,,,,,,,,,,,,,,,,,,,,,,,,,,,,,,,,,,,,,,,,,,,,,,,,,,,,,,,,,,,,,,,,,,,,,,,,,,,,,,,,,,,,,,,,,,,296913,
[8587],INTRAPLATE VOLCANICS,WEST-AFRICAN COASTAL BELTS - PAN-AFRICAN / WESTERN CAPE PROVINCE / SALPETRE KOP,,-32.35,-32.35,20.9,20.9,SUBAERIAL,,,s C27 [8587],"MELILITITE, OLIVINE [8587]",,,,,,,,,VOLCANIC ROCK,,,,,WHOLE_ROCK [8587] ,153084.96250000002,11147.724,,36412.4688,,419.64,66381.42,,97985.37000000001,85511.072,1394.0244,,22165.005,11424.5978,3796.8627,,,2900.,,90399.99999999999,,,,,,,,,,,72100.,,,,,,,,,,,,,,,,,,,,,,,,,,,,,,,,,,,,,,,,,,,,,,,,,,,,,,,,,,,,,,,,,,,,,,,,,,,,,,,,,,,,,,,,,,,,,,,,,,,,,,,,,,,,,,,,,296914,
[8587],INTRAPLATE VOLCANICS,WEST-AFRICAN COASTAL BELTS - PAN-AFRICAN / WESTERN CAPE PROVINCE / SALPETRE KOP,,-32.35,-32.35,20.9,20.9,SUBAERIAL,,,s C27A [8587],NOT GIVEN [8587],,,,,,,,,VOLCANIC ROCK,,,,,WHOLE_ROCK [8587] ,174072.79400000002,8091.09,,35089.3413,,10001.42,53866.89,,84549.01,81892.832,2168.4824000000003,,26730.83,9866.6981,2749.4523,,,1600.,,92300.,,,,,,,,,,,44600.,,,,,,,,,,,,,,,,,,,,,,,,,,,,,,,,,,,,,,,,,,,,,,,,,,,,,,,,,,,,,,,,,,,,,,,,,,,,,,,,,,,,,,,,,,,,,,,,,,,,,,,,,,,,,,,,,296915,
[8587],INTRAPLATE VOLCANICS,WEST-AFRICAN COASTAL BELTS - PAN-AFRICAN / WESTERN CAPE PROVINCE / SUTHERLAND,SUTHERLAND TOWNLANDS,-32.4,-32.4,20.6,20.6,SUBAERIAL,,,s C28 [8587],"MELILITITE, OLIVINE [8587]",,,,,,,,,VOLCANIC ROCK,,,,,WHOLE_ROCK [8587] ,164724.094,19238.814,,40646.4768,,11819.859999999999,64438.16999999999,,109492.04000000001,113250.912,1394.0244,,21583.9,4080.2135000000003,4364.21,,,5000.,,,,,,,,,,,,,51700.,,,,,,,,,,,,,,,,,,,,,,,,,,,,,,,,,,,,,,,,,,,,,,,,,,,,,,,,,,,,,,,,,,,,,,,,,,,,,,,,,,,,,,,,,,,,,,,,,,,,,,,,,,,,,,,,,296917,
[8587],INTRAPLATE VOLCANICS,WEST-AFRICAN COASTAL BELTS - PAN-AFRICAN / WESTERN CAPE PROVINCE / SUTHERLAND,SUTHERLAND TOWNLANDS,-32.4,-32.4,20.6,20.6,SUBAERIAL,,,s C29 [8587],"MELILITITE, OLIVINE [8587]",,,,,,,,,VOLCANIC ROCK,,,,,WHOLE_ROCK [8587] ,148270.382,17560.662,,36941.719800000006,,15316.859999999999,79284.59999999999,,129932.45999999999,115542.46399999999,2168.4824000000003,,8716.575,21142.9245,6895.451800000001,,,2300.,,,,,,,,,,,,,14900.,,,,,,,,,,,,,,,,,,,,,,,,,,,,,,,,,,,,,,,,,,,,,,,,,,,,,,,,,,,,,,,,,,,,,,,,,,,,,,,,,,,,,,,,,,,,,,,,,,,,,,,,,,,,,,,,,296918,
[8587],INTRAPLATE VOLCANICS,WEST-AFRICAN COASTAL BELTS - PAN-AFRICAN / WESTERN CAPE PROVINCE / SUTHERLAND,SUTHERLAND TOWNLANDS,-32.4,-32.4,20.6,20.6,SUBAERIAL,,,s C30 [8587],"MELILITITE, OLIVINE [8587]",,,,,,,,,VOLCANIC ROCK,,,,,WHOLE_ROCK [8587] ,146307.15500000003,17800.398,,36624.169200000004,,6294.6,89156.31000000001,,132862.73,119040.09599999999,1936.145,,8384.515,15801.5541,7288.2307,,,3200.,,,,,,,,,,,,,20099.999999999996,,,,,,,,,,,,,,,,,,,,,,,,,,,,,,,,,,,,,,,,,,,,,,,,,,,,,,,,,,,,,,,,,,,,,,,,,,,,,,,,,,,,,,,,,,,,,,,,,,,,,,,,,,,,,,,,,296919,
[8587],INTRAPLATE VOLCANICS,WEST-AFRICAN COASTAL BELTS - PAN-AFRICAN / WESTERN CAPE PROVINCE / SUTHERLAND,SUTHERLAND TOWNLANDS,-32.4,-32.4,20.6,20.6,SUBAERIAL,,,s C31 [8587],"MELILITITE, OLIVINE [8587]",,,,,,,,,VOLCANIC ROCK,,,,,WHOLE_ROCK [8587] ,165004.555,18160.001999999997,,38370.6975,,14897.22,65448.659999999996,,106990.59000000001,121572.86399999999,1471.4702,,16104.91,8679.7269,3360.4417000000003,,,4100.,,,,,,,,,,,,,37000.,,,,,,,,,,,,,,,,,,,,,,,,,,,,,,,,,,,,,,,,,,,,,,,,,,,,,,,,,,,,,,,,,,,,,,,,,,,,,,,,,,,,,,,,,,,,,,,,,,,,,,,,,,,,,,,,,296920,
[8587],INTRAPLATE VOLCANICS,WEST-AFRICAN COASTAL BELTS - PAN-AFRICAN / WESTERN CAPE PROVINCE / SUTHERLAND,SUTHERLAND TOWNLANDS,-32.4,-32.4,20.6,20.6,SUBAERIAL,,,s C32 [8587],"MELILITITE, OLIVINE [8587]",,,,,,,,,VOLCANIC ROCK,,,,,WHOLE_ROCK [8587] ,158974.6435,18160.001999999997,,38264.8473,,12519.26,73066.2,,119497.84,119884.35199999998,1858.6992,,12618.28,19214.096299999997,6197.178199999999,,,2700.,,,,,,,,,,,,,14100.,,,,,,,,,,,,,,,,,,,,,,,,,,,,,,,,,,,,,,,,,,,,,,,,,,,,,,,,,,,,,,,,,,,,,,,,,,,,,,,,,,,,,,,,,,,,,,,,,,,,,,,,,,,,,,,,,296921,
[8587],INTRAPLATE VOLCANICS,WEST-AFRICAN COASTAL BELTS - PAN-AFRICAN / WESTERN CAPE PROVINCE / SALPETRE KOP / SILVER DAM PYROCLASTS,,-32.35,-32.35,20.9,20.9,SUBAERIAL,,,s C8 [8587],NOT GIVEN [8587],,,,,,,,,VOLCANIC ROCK,,,,,WHOLE_ROCK [8587] ,210439.23700000002,13605.018,,51919.523100000006,,,,73843.5,82333.44,61510.079999999994,2091.0366,,7388.335,26410.1092,3884.1469,,,14500.,,,,,,,,,,,,,41700.,,,,,,,,,,,,,,,,,,,,,,,,,,,,,,,,,,,,,,,,,,,,,,,,,,,,,,,,,,,,,,,,,,,,,,,,,,,,,,,,,,,,,,,,,,,,,,,,,,,,,,,,,,,,,,,,,296922,
[8587],INTRAPLATE VOLCANICS,WEST-AFRICAN COASTAL BELTS - PAN-AFRICAN / WESTERN CAPE PROVINCE / SALPETRE KOP / SILVER DAM PYROCLASTS,,-32.35,-32.35,20.9,20.9,SUBAERIAL,,,s C9 [8587],NOT GIVEN [8587],,,,,,,,,VOLCANIC ROCK,,,,,WHOLE_ROCK [8587] ,207213.93550000002,14983.5,,49484.9685,,18953.739999999998,60629.4,,81404.33,62716.159999999996,2400.8197999999998,,7554.365000000001,23516.866899999997,3273.1575000000003,,,16200.000000000002,,,,,,,,,,,,,45800.,,,,,,,,,,,,,,,,,,,,,,,,,,,,,,,,,,,,,,,,,,,,,,,,,,,,,,,,,,,,,,,,,,,,,,,,,,,,,,,,,,,,,,,,,,,,,,,,,,,,,,,,,,,,,,,,,296923,
[8587],INTRAPLATE VOLCANICS,WEST-AFRICAN COASTAL BELTS - PAN-AFRICAN / WESTERN CAPE PROVINCE / SUTHERLAND,SUTHERLAND TOWNLANDS,-32.4,-32.4,20.6,20.6,SUBAERIAL,,,s C21 [8587],TRACHYTE [8587],,,,,,,,,VOLCANIC ROCK,,,,,WHOLE_ROCK [8587] ,233810.98700000002,2517.2279999999996,,83251.1823,,,29304.21,,78617,663.3439999999999,1703.8076,,89241.125,4302.7706,5804.3993,,,1900.,,,,,,,,,,,,,65700.,,,,,,,,,,,,,,,,,,,,,,,,,,,,,,,,,,,,,,,,,,,,,,,,,,,,,,,,,,,,,,,,,,,,,,,,,,,,,,,,,,,,,,,,,,,,,,,,,,,,,,,,,,,,,,,,,296924,
[8587],INTRAPLATE VOLCANICS,WEST-AFRICAN COASTAL BELTS - PAN-AFRICAN / WESTERN CAPE PROVINCE / SUTHERLAND,SUTHERLAND TOWNLANDS,-32.4,-32.4,20.6,20.6,SUBAERIAL,,,s C41 [8587],TRACHYTE [8587],,,,,,,,,VOLCANIC ROCK,,,,,WHOLE_ROCK [8587] ,251152.8255,4075.512,,86373.7632,,7903.219999999999,38942.729999999996,,38164.979999999996,3980.064,1858.6992,,91897.605,2670.6852,4189.6416,,,6200.,,,,,,,,,,,,,39900.,,,,,,,,,,,,,,,,,,,,,,,,,,,,,,,,,,,,,,,,,,,,,,,,,,,,,,,,,,,,,,,,,,,,,,,,,,,,,,,,,,,,,,,,,,,,,,,,,,,,,,,,,,,,,,,,,296925,
[10146],INTRAPLATE VOLCANICS,WEST-AFRICAN COASTAL BELTS - PAN-AFRICAN / WESTERN CAPE PROVINCE / SALPETRE KOP,,-32.35,-32.35,20.9,20.9,SUBAERIAL,,,s A [10146],TRACHYTE [10146],,,,,,,,,VOLCANIC ROCK,,,,,WHOLE_ROCK [10146] ,210813.18500000003,3835.776,,86479.6134,,24548.94,2254.1699999999996,,120069.6,9769.248,0.,,71392.9,3115.7994,1440.1893,,14000.,3600.,,34600.,,,,,,,,,,,,,,,,,,,,,,,,,,,,,,,,,,,,,,,,,,,,,,,,,,,,,,,,,,,,,,,,,,,,,,,,,,,,,,,,,,,,,,,,,,,,,,,,,,,,,,,,,,,,,,,,,,,,,,,,,,,,302828,
[10146],INTRAPLATE VOLCANICS,WEST-AFRICAN COASTAL BELTS - PAN-AFRICAN / WESTERN CAPE PROVINCE / SALPETRE KOP,,-32.35,-32.35,20.9,20.9,SUBAERIAL,,,s 1 [10146],ALVIKITE [10146],,,,,,,,,PLUTONIC ROCK,,,,,WHOLE_ROCK [10146] ,,6173.202,,,,,,,,,,,,,,,,,,,,,,,,,,,,,,,,,,,,,,,,,,,,,,,,,,,,,,,,,,,,,,,,,,,,,,,,,,,,,,,,,,,,,,,,,,,,,,,,,,,,,,,,,,,,,,,,,,,,,,,,,,,,,,,,,,,,,,,,,,,,,,302829,
[10146],INTRAPLATE VOLCANICS,WEST-AFRICAN COASTAL BELTS - PAN-AFRICAN / WESTERN CAPE PROVINCE / SALPETRE KOP,,-32.35,-32.35,20.9,20.9,SUBAERIAL,,,s 1 [10146],ALVIKITE [10146],,,,,,,,,PLUTONIC ROCK,,,,,WHOLE_ROCK [10146] ,,6053.334,,,,,,,,,,,,,,,,,,,,,,,,,,,,,,,,,,,,,,,,,,,,,,,,,,,,,,,,,,,,,,,,,,,,,,,,,,,,,,,,,,,,,,,,,,,,,,,,,,,,,,,,,,,,,,,,,,,,,,,,,,,,,,,,,,,,,,,,,,,,,,302830,
[10146],INTRAPLATE VOLCANICS,WEST-AFRICAN COASTAL BELTS - PAN-AFRICAN / WESTERN CAPE PROVINCE / SALPETRE KOP,,-32.35,-32.35,20.9,20.9,SUBAERIAL,,,s 2 [10146],ALVIKITE [10146],,,,,,,,,PLUTONIC ROCK,,,,,WHOLE_ROCK [10146] ,,1246.6272,,,,,,,,,,,,,,,,,,,,,,,,,,,,,,,,,,,,,,,,,,,,,,,,,,,,,,,,,,,,,,,,,,,,,,,,,,,,,,,,,,,,,,,,,,,,,,,,,,,,,,,,,,,,,,,,,,,,,,,,,,,,,,,,,,,,,,,,,,,,,,302831,
[10146],INTRAPLATE VOLCANICS,WEST-AFRICAN COASTAL BELTS - PAN-AFRICAN / WESTERN CAPE PROVINCE / SALPETRE KOP,,-32.35,-32.35,20.9,20.9,SUBAERIAL,,,s 2 [10146],ALVIKITE [10146],,,,,,,,,PLUTONIC ROCK,,,,,WHOLE_ROCK [10146] ,,1204.6734,,,,,,,,,,,,,,,,,,,,,,,,,,,,,,,,,,,,,,,,,,,,,,,,,,,,,,,,,,,,,,,,,,,,,,,,,,,,,,,,,,,,,,,,,,,,,,,,,,,,,,,,,,,,,,,,,,,,,,,,,,,,,,,,,,,,,,,,,,,,,,302832,
[10146],INTRAPLATE VOLCANICS,WEST-AFRICAN COASTAL BELTS - PAN-AFRICAN / WESTERN CAPE PROVINCE / SALPETRE KOP,,-32.35,-32.35,20.9,20.9,SUBAERIAL,,,s 3 [10146],ALVIKITE [10146],,,,,,,,,PLUTONIC ROCK,,,,,WHOLE_ROCK [10146] ,,797.1222,,,,,,,,,,,,,,,,,,,,,,,,,,,,,,,,,,,,,,,,,,,,,,,,,,,,,,,,,,,,,,,,,,,,,,,,,,,,,,,,,,,,,,,,,,,,,,,,,,,,,,,,,,,,,,,,,,,,,,,,,,,,,,,,,,,,,,,,,,,,,,302833,
[10146],INTRAPLATE VOLCANICS,WEST-AFRICAN COASTAL BELTS - PAN-AFRICAN / WESTERN CAPE PROVINCE / SALPETRE KOP,,-32.35,-32.35,20.9,20.9,SUBAERIAL,,,s 3 [10146],ALVIKITE [10146],,,,,,,,,PLUTONIC ROCK,,,,,WHOLE_ROCK [10146] ,,833.0826000000001,,,,,,,,,,,,,,,,,,,,,,,,,,,,,,,,,,,,,,,,,,,,,,,,,,,,,,,,,,,,,,,,,,,,,,,,,,,,,,,,,,,,,,,,,,,,,,,,,,,,,,,,,,,,,,,,,,,,,,,,,,,,,,,,,,,,,,,,,,,,,,302834,
[10146],INTRAPLATE VOLCANICS,WEST-AFRICAN COASTAL BELTS - PAN-AFRICAN / WESTERN CAPE PROVINCE / SALPETRE KOP,,-32.35,-32.35,20.9,20.9,SUBAERIAL,,,s 4 [10146],ALVIKITE [10146],,,,,,,,,PLUTONIC ROCK,,,,,WHOLE_ROCK [10146] ,,10488.449999999999,,,,,,,,,,,,,,,,,,,,,,,,,,,,,,,,,,,,,,,,,,,,,,,,,,,,,,,,,,,,,,,,,,,,,,,,,,,,,,,,,,,,,,,,,,,,,,,,,,,,,,,,,,,,,,,,,,,,,,,,,,,,,,,,,,,,,,,,,,,,,,302835,
[10146],INTRAPLATE VOLCANICS,WEST-AFRICAN COASTAL BELTS - PAN-AFRICAN / WESTERN CAPE PROVINCE / SALPETRE KOP,,-32.35,-32.35,20.9,20.9,SUBAERIAL,,,s 4 [10146],ALVIKITE [10146],,,,,,,,,PLUTONIC ROCK,,,,,WHOLE_ROCK [10146] ,,10428.516,,,,,,,,,,,,,,,,,,,,,,,,,,,,,,,,,,,,,,,,,,,,,,,,,,,,,,,,,,,,,,,,,,,,,,,,,,,,,,,,,,,,,,,,,,,,,,,,,,,,,,,,,,,,,,,,,,,,,,,,,,,,,,,,,,,,,,,,,,,,,,302836,
[10146],INTRAPLATE VOLCANICS,WEST-AFRICAN COASTAL BELTS - PAN-AFRICAN / WESTERN CAPE PROVINCE / SALPETRE KOP,,-32.35,-32.35,20.9,20.9,SUBAERIAL,,,s 5 [10146],SOVITE [10146],,,,,,,,,PLUTONIC ROCK,,,,,WHOLE_ROCK [10146] ,,491.4588,,,,,,,,,,,,,,,,,,,,,,,,,,,,,,,,,,,,,,,,,,,,,,,,,,,,,,,,,,,,,,,,,,,,,,,,,,,,,,,,,,,,,,,,,,,,,,,,,,,,,,,,,,,,,,,,,,,,,,,,,,,,,,,,,,,,,,,,,,,,,,302837,
[10146],INTRAPLATE VOLCANICS,WEST-AFRICAN COASTAL BELTS - PAN-AFRICAN / WESTERN CAPE PROVINCE / SALPETRE KOP,,-32.35,-32.35,20.9,20.9,SUBAERIAL,,,s 5 [10146],SOVITE [10146],,,,,,,,,PLUTONIC ROCK,,,,,WHOLE_ROCK [10146] ,,461.49179999999996,,,,,,,,,,,,,,,,,,,,,,,,,,,,,,,,,,,,,,,,,,,,,,,,,,,,,,,,,,,,,,,,,,,,,,,,,,,,,,,,,,,,,,,,,,,,,,,,,,,,,,,,,,,,,,,,,,,,,,,,,,,,,,,,,,,,,,,,,,,,,,302838,
[10146],INTRAPLATE VOLCANICS,WEST-AFRICAN COASTAL BELTS - PAN-AFRICAN / WESTERN CAPE PROVINCE / SALPETRE KOP,,-32.35,-32.35,20.9,20.9,SUBAERIAL,,,s 6 [10146],"CARBONATITE, BIOTITE [10146]",,,,,,,,,PLUTONIC ROCK,,,,,WHOLE_ROCK [10146] ,,5274.192,,,,,,,,,,,,,,,,,,,,,,,,,,,,,,,,,,,,,,,,,,,,,,,,,,,,,,,,,,,,,,,,,,,,,,,,,,,,,,,,,,,,,,,,,,,,,,,,,,,,,,,,,,,,,,,,,,,,,,,,,,,,,,,,,,,,,,,,,,,,,,302839,
[10146],INTRAPLATE VOLCANICS,WEST-AFRICAN COASTAL BELTS - PAN-AFRICAN / WESTERN CAPE PROVINCE / SALPETRE KOP,,-32.35,-32.35,20.9,20.9,SUBAERIAL,,,s 6 [10146],"CARBONATITE, BIOTITE [10146]",,,,,,,,,PLUTONIC ROCK,,,,,WHOLE_ROCK [10146] ,,5214.258,,,,,,,,,,,,,,,,,,,,,,,,,,,,,,,,,,,,,,,,,,,,,,,,,,,,,,,,,,,,,,,,,,,,,,,,,,,,,,,,,,,,,,,,,,,,,,,,,,,,,,,,,,,,,,,,,,,,,,,,,,,,,,,,,,,,,,,,,,,,,,302840,
[10146],INTRAPLATE VOLCANICS,WEST-AFRICAN COASTAL BELTS - PAN-AFRICAN / WESTERN CAPE PROVINCE / SALPETRE KOP,,-32.35,-32.35,20.9,20.9,SUBAERIAL,,,s 7 [10146],"MELILITITE, OLIVINE [10146]",,,,,,,,,VOLCANIC ROCK,,,,,WHOLE_ROCK [10146] ,,19118.946,,,,,,,,,,,,,,,,,,,,,,,,,,,,,,,,,,,,,,,,,,,,,,,,,,,,,,,,,,,,,,,,,,,,,,,,,,,,,,,,,,,,,,,,,,,,,,,,,,,,,,,,,,,,,,,,,,,,,,,,,,,,,,,,,,,,,,,,,,,,,,302841,
[10146],INTRAPLATE VOLCANICS,WEST-AFRICAN COASTAL BELTS - PAN-AFRICAN / WESTERN CAPE PROVINCE / SALPETRE KOP,,-32.35,-32.35,20.9,20.9,SUBAERIAL,,,s 7 [10146],"MELILITITE, OLIVINE [10146]",,,,,,,,,VOLCANIC ROCK,,,,,WHOLE_ROCK [10146] ,,18939.144,,,,,,,,,,,,,,,,,,,,,,,,,,,,,,,,,,,,,,,,,,,,,,,,,,,,,,,,,,,,,,,,,,,,,,,,,,,,,,,,,,,,,,,,,,,,,,,,,,,,,,,,,,,,,,,,,,,,,,,,,,,,,,,,,,,,,,,,,,,,,,302842,
[10146],INTRAPLATE VOLCANICS,WEST-AFRICAN COASTAL BELTS - PAN-AFRICAN / WESTERN CAPE PROVINCE / SALPETRE KOP,,-32.35,-32.35,20.9,20.9,SUBAERIAL,,,s 8 [10146],TRACHYTE [10146],,,,,,,,,VOLCANIC ROCK,,,,,WHOLE_ROCK [10146] ,,3835.776,,,,,,,,,,,,,,,,,,,,,,,,,,,,,,,,,,,,,,,,,,,,,,,,,,,,,,,,,,,,,,,,,,,,,,,,,,,,,,,,,,,,,,,,,,,,,,,,,,,,,,,,,,,,,,,,,,,,,,,,,,,,,,,,,,,,,,,,,,,,,,302843,
[10888],INTRAPLATE VOLCANICS,WEST-AFRICAN COASTAL BELTS - PAN-AFRICAN / WESTERN CAPE PROVINCE / SUTHERLAND,SUTHERLAND TOWNLANDS,-32.4,-32.4,20.6,20.6,SUBAERIAL,,,s KSV-256 [10888],"MELILITITE, OLIVINE [10888]",63700000 [10888],75800000 [10888],,PHANEROZOIC [10888],,,,,VOLCANIC ROCK,,,,HE3_HE4(R/R(A)) from OLIVINE [10888],MINERAL / COMPONENT (INCL. GROUNDMASS) [10888] ,,,,,,,,,,,,,,,,,,,,,,,,,,,,,,,,,,,,,,,,,,,,,,,,,,,,,,,,,,,,,,,,,,,,,,,,,,,,,,,,,,,,,,,,,,,,,,,,,,,,,,,,,,,,,,,,,,,,,,,,,,,,,,,,,,,,,,,,,,,3.07,,,,,316206,
[10888],INTRAPLATE VOLCANICS,WEST-AFRICAN COASTAL BELTS - PAN-AFRICAN / WESTERN CAPE PROVINCE / SUTHERLAND,SUTHERLAND TOWNLANDS,-32.4,-32.4,20.6,20.6,SUBAERIAL,,,s KSV-266 [10888],"MELILITITE, OLIVINE [10888]",63700000 [10888],75800000 [10888],,PHANEROZOIC [10888],,,,,VOLCANIC ROCK,,,,HE3_HE4(R/R(A)) from OLIVINE [10888],MINERAL / COMPONENT (INCL. GROUNDMASS) [10888] ,,,,,,,,,,,,,,,,,,,,,,,,,,,,,,,,,,,,,,,,,,,,,,,,,,,,,,,,,,,,,,,,,,,,,,,,,,,,,,,,,,,,,,,,,,,,,,,,,,,,,,,,,,,,,,,,,,,,,,,,,,,,,,,,,,,,,,,,,,,6.12,,,,,316207,
[10888],INTRAPLATE VOLCANICS,WEST-AFRICAN COASTAL BELTS - PAN-AFRICAN / WESTERN CAPE PROVINCE / SALPETRE KOP,,-32.35,-32.35,20.9,20.9,SUBAERIAL,,,s SPK-1 [10888],"MELILITITE, OLIVINE [10888]",63700000 [10888],75800000 [10888],,PHANEROZOIC [10888],,,,,VOLCANIC ROCK,,,,HE3_HE4(R/R(A)) from OLIVINE [10888],MINERAL / COMPONENT (INCL. GROUNDMASS) [10888] ,,,,,,,,,,,,,,,,,,,,,,,,,,,,,,,,,,,,,,,,,,,,,,,,,,,,,,,,,,,,,,,,,,,,,,,,,,,,,,,,,,,,,,,,,,,,,,,,,,,,,,,,,,,,,,,,,,,,,,,,,,,,,,,,,,,,,,,,,,,5.28,,,,,316208,
[10888],INTRAPLATE VOLCANICS,WEST-AFRICAN COASTAL BELTS - PAN-AFRICAN / WESTERN CAPE PROVINCE / SALPETRE KOP,,-32.35,-32.35,20.9,20.9,SUBAERIAL,,,s SPK-3 [10888],"MELILITITE, OLIVINE [10888]",72000000 [10888],80000000 [10888],,CRETACEOUS [10888],,,,,VOLCANIC ROCK,,,,HE3_HE4(R/R(A)) from OLIVINE [10888],MINERAL / COMPONENT (INCL. GROUNDMASS) [10888] ,,,,,,,,,,,,,,,,,,,,,,,,,,,,,,,,,,,,,,,,,,,,,,,,,,,,,,,,,,,,,,,,,,,,,,,,,,,,,,,,,,,,,,,,,,,,,,,,,,,,,,,,,,,,,,,,,,,,,,,,,,,,,,,,,,,,,,,,,,,5.53,,,,,316209,