Citations,Tectonic Setting,Location,Location Comment,Latitude (Min),Latitude (Max),Longitude (Min),Longitude (Max),Land or Sea,Elevation (Min),Elevation (Max),Sample Name,Rock Name,"Age (a, Min)","Age (a, Max)",Geol,Age,Eruption Day,Eruption Month,Eruption Year,Rock Texture,Rock Type,Drill Depth (Min),Drill Depth (Max),Alteration,Mineral,Material,Si,Ti,B,Al,Cr,Fe3+,Fe2+,Fetot(2+),Ca,Mg,Mn,Ni,K,Na,P,H2O,H2OP,H2OM,H2Otot,CO2,CO,F,Cl,Cl2,OH,CH4,SO2,SO3,SO4,S,LOI,Volatiles,O,Others,HE(CCM/G),HE(CCMSTP/G),HE3(CCMSTP/G),HE3(AT/G),HE4(CCM/G),HE4(CCMSTP/G),HE4(AT/G),HE4(MOLE/G),HE4(NCC/G),HE(NCC/G),Li,Be,B,C,CO2,F,Na,Mg,Al,P,S,Cl,K,Ca,Sc,Ti,V,Cr,Mn,Fe,Co,Ni,Cu,Zn,Ga,Ge,As,Se,Br,Rb,Sr,Y,Zr,Nb,Mo,Ru,Rh,Pd,Ag,Cd,In,Sn,Sb,Te,I,Cs,Ba,La,Ce,Pr,Nd,Sm,Eu,Gd,Tb,Dy,Ho,Er,Tm,Yb,Lu,Hf,Ta,W,Re,Os,Ir,Pt,Au,Hg,Tl,Pb,Bi,Th,U,Nd143/Nd144,Nd143/Nd144 initial,e Nd,Sr87/Sr86,SR87_SR86_INI,PB206_PB204,PB206_PB204_INI,PB207_PB204,PB207_PB204_INI,PB208_PB204,PB208_PB204_INI,OS184_OS188,OS186_OS188,OS187_OS186,OS187_OS188,RE187_OS186,RE187_OS188,HF176_HF177,HE3_HE4,HE3_HE4(R/R(A)),HE4_HE3,HE4_HE3(R/R(A)),K40_AR40,AR40_K40,Unique Id,
[4695],CONTINENTAL FLOOD BASALT,DECCAN / SOUTHERN DECCAN / WAI SUBGROUP - MAHABALESHWAR FORMATION,KOLHAPUR SECTION,16.7,16.7,74.32,74.32,SUBAERIAL,,,s KP-02-51 [4695],BASALT [4695],,,,CENOZOIC [4695],,,,,VOLCANIC ROCK,,,,,WHOLE_ROCK [4695] ,233390.2955,17980.199999999997,,69543.58140000001,,,,114807.20999999999,71255.59000000001,35277.84,1781.2534,,4067.735,17359.4538,1221.9788,,,,,,,,,,,,,,,,,,,,,,,,,,,,,,,,,,,,,,,,,,,,,,524,95,,,,81,227,139,24,,,,,11,226,38,182,15,,,,,,,,,,,,,77,,,,,,,,,,,,,,,,,,,,,,,,,,,,,,,,,,,,,,,,,,,,,,,,,,,,,102303,
[4695],CONTINENTAL FLOOD BASALT,DECCAN / SOUTHERN DECCAN / WAI SUBGROUP - PANHALA FORMATION,KOLHAPUR SECTION,16.7,16.7,74.32,74.32,SUBAERIAL,,,s KP-03-51 [4695],BASALT [4695],,,,CENOZOIC [4695],,,,,VOLCANIC ROCK,,,,,WHOLE_ROCK [4695] ,235026.31800000003,11087.789999999999,,73460.03880000001,,,,104624.58,80403.75,39438.816,1471.4702,,2407.435,15504.811299999998,741.9157,,,,,,,,,,,,,,,,,,,,,,,,,,,,,,,,,,,,,,,,,,,,,,407,92,,,,75,191,110,20,,,,,3,150,32,115,8,,,,,,,,,,,,,48,,,,,,,,,,,,,,,,,,,,,,,,,,,,,,,,,,,,,,,,,,,,,,,,,,,,,102304,
[4695],CONTINENTAL FLOOD BASALT,DECCAN / SOUTHERN DECCAN / WAI SUBGROUP - PANHALA FORMATION,KOLHAPUR SECTION,16.7,16.7,74.32,74.32,SUBAERIAL,,,s KP-04-51 [4695],BASALT [4695],,,,CENOZOIC [4695],,,,,VOLCANIC ROCK,,,,,WHOLE_ROCK [4695] ,234418.65250000003,10848.054,,74306.8404,,,,102059.49,84477.54000000001,38654.864,1548.9160000000002,,1743.3149999999998,15356.439899999998,698.2736,,,,,,,,,,,,,,,,,,,,,,,,,,,,,,,,,,,,,,,,,,,,,,403,93,,,,75,185,108,21,,,,,4,151,32,114,7,,,,,,,,,,,,,34,,,,,,,,,,,,,,,,,,,,,,,,,,,,,,,,,,,,,,,,,,,,,,,,,,,,,102305,
[4695],CONTINENTAL FLOOD BASALT,DECCAN / SOUTHERN DECCAN / WAI SUBGROUP - AMBENALI FORMATION,AMBA GHAT SECTION,17,17,74,74,SUBAERIAL,,,s AG-02-51 [4695],BASALT [4695],,,,CENOZOIC [4695],,,,,VOLCANIC ROCK,,,,,WHOLE_ROCK [4695] ,229697.559,15462.972,,75153.64199999999,,,,110376.59999999999,79331.7,36182.399999999994,1471.4702,,1577.285,16172.482600000001,960.1262,,,,,,,,,,,,,,,,,,,,,,,,,,,,,,,,,,,,,,,,,,,,,,486,84,,,,91,175,124,24,,,,,7,219,34,146,10,,,,,,,,,,,,,,,,,,,,,,,,,,,,,,,,,,,,,,,,,,,,,,,,,,,,,,,,,,,,,,,,,,102306,
[4695],CONTINENTAL FLOOD BASALT,DECCAN / SOUTHERN DECCAN / WAI SUBGROUP - AMBENALI FORMATION,AMBA GHAT SECTION,17,17,74,74,SUBAERIAL,,,s AG-03-51 [4695],BASALT [4695],,,,CENOZOIC [4695],,,,,VOLCANIC ROCK,,,,,WHOLE_ROCK [4695] ,231941.247,14983.5,,76212.144,,,,102059.49,80189.34000000001,37448.784,1471.4702,,1992.36,16840.1539,960.1262,,,,,,,,,,,,,,,,,,,,,,,,,,,,,,,,,,,,,,,,,,,,,,467,125,,,,90,193,110,25,,,,,3,224,33,140,9,,,,,,,,,,,,,26,,,,,,,,,,,,,,,,,,,,,,,,,,,,,,,,,,,,,,,,,,,,,,,,,,,,,102307,
[4695],CONTINENTAL FLOOD BASALT,DECCAN / SOUTHERN DECCAN / WAI SUBGROUP - AMBENALI FORMATION,AMBA GHAT SECTION,17,17,74,74,SUBAERIAL,,,s AG-04-51 [4695],BASALT [4695],,,,CENOZOIC [4695],,,,,VOLCANIC ROCK,,,,,WHOLE_ROCK [4695] ,231754.27300000002,15043.433999999997,,75682.89300000001,,,,104002.74,82047.56,35760.272,1471.4702,,1743.3149999999998,16395.039699999998,916.4841,,,,,,,,,,,,,,,,,,,,,,,,,,,,,,,,,,,,,,,,,,,,,,468,112,,,,84,151,110,23,,,,,8,229,33,139,10,,,,,,,,,,,,,,,,,,,,,,,,,,,,,,,,,,,,,,,,,,,,,,,,,,,,,,,,,,,,,,,,,,102308,
[4695],CONTINENTAL FLOOD BASALT,DECCAN / SOUTHERN DECCAN / WAI SUBGROUP - AMBENALI FORMATION,AMBA GHAT SECTION,17,17,74,74,SUBAERIAL,,,s AG-05-51 [4695],BASALT [4695],,,,CENOZOIC [4695],,,,,VOLCANIC ROCK,,,,,WHOLE_ROCK [4695] ,231333.58150000003,15762.641999999998,,74253.9153,,,,109288.38,74257.33,40162.464,1239.1328,,1826.33,15653.182699999998,1091.0525,,,,,,,,,,,,,,,,,,,,,,,,,,,,,,,,,,,,,,,,,,,,,,453,178,,,,113,220,115,24,,,,,,212,36,156,11,,,,,,,,,,,,,43,,,,,,,,,,,,,,,,,,,,,,,,,,,,,,,,,,,,,,,,,,,,,,,,,,,,,102309,
[4695],CONTINENTAL FLOOD BASALT,DECCAN / SOUTHERN DECCAN / WAI SUBGROUP - AMBENALI FORMATION,AMBA GHAT SECTION,17,17,74,74,SUBAERIAL,,,s AG-05-52 [4695],BASALT [4695],,,,CENOZOIC [4695],,,,,VOLCANIC ROCK,,,,,WHOLE_ROCK [4695] ,231333.58150000003,16182.18,,74095.14,,,,108588.81000000001,74543.20999999999,37207.568,1626.3618,,3652.66,17285.2681,1134.6946,,,,,,,,,,,,,,,,,,,,,,,,,,,,,,,,,,,,,,,,,,,,,,465,178,,,,110,228,118,23,,,,,9,212,37,167,11,,,,,,,,,,,,,67,,,,,,,,,,,,,,,,,,,,,,,,,,,,,,,,,,,,,,,,,,,,,,,,,,,,,102310,
[4695],CONTINENTAL FLOOD BASALT,DECCAN / SOUTHERN DECCAN / WAI SUBGROUP - AMBENALI FORMATION,AMBA GHAT SECTION,17,17,74,74,SUBAERIAL,,,s AG-06-51 [4695],BASALT [4695],,,,CENOZOIC [4695],,,,,VOLCANIC ROCK,,,,,WHOLE_ROCK [4695] ,227547.358,15882.509999999998,,75735.8181,,,,109132.92,75972.61,41730.367999999995,1548.9160000000002,,1162.21,16172.482600000001,1091.0525,,,,,,,,,,,,,,,,,,,,,,,,,,,,,,,,,,,,,,,,,,,,,,438,211,,,,126,296,125,25,,,,,,216,36,160,10,,,,,,,,,,,,,34,,,,,,,,,,,,,,,,,,,,,,,,,,,,,,,,,,,,,,,,,,,,,,,,,,,,,102311,
[4695],CONTINENTAL FLOOD BASALT,DECCAN / SOUTHERN DECCAN / WAI SUBGROUP - AMBENALI FORMATION,AMBA GHAT SECTION,17,17,74,74,SUBAERIAL,,,s AG-07-51 [4695],BASALT [4695],,,,CENOZOIC [4695],,,,,VOLCANIC ROCK,,,,,WHOLE_ROCK [4695] ,230071.507,14563.962,,73195.4133,,,,104469.12,76687.31,44444.047999999995,1394.0244,,3403.615,16098.2969,960.1262,,,,,,,,,,,,,,,,,,,,,,,,,,,,,,,,,,,,,,,,,,,,,,441,398,,,,183,209,121,22,,,,,10,202,34,143,9,,,,,,,,,,,,,77,,,,,,,,,,,,,,,,,,,,,,,,,,,,,,,,,,,,,,,,,,,,,,,,,,,,,102312,
[4695],CONTINENTAL FLOOD BASALT,DECCAN / SOUTHERN DECCAN / WAI SUBGROUP - AMBENALI FORMATION,AMBA GHAT SECTION,17,17,74,74,SUBAERIAL,,,s AG-08-51 [4695],BASALT [4695],,,,CENOZOIC [4695],,,,,VOLCANIC ROCK,,,,,WHOLE_ROCK [4695] ,230819.40300000002,14683.83,,74571.4659,,,,104002.74,76329.95999999999,42273.104,1471.4702,,2988.54,16543.411099999998,1003.7683000000001,,,,,,,,,,,,,,,,,,,,,,,,,,,,,,,,,,,,,,,,,,,,,,447,281,,,,140,173,116,23,,,,,6,213,35,147,9,,,,,,,,,,,,,49,,,,,,,,,,,,,,,,,,,,,,,,,,,,,,,,,,,,,,,,,,,,,,,,,,,,,102313,
[4695],CONTINENTAL FLOOD BASALT,DECCAN / SOUTHERN DECCAN / WAI SUBGROUP - AMBENALI FORMATION,AMBA GHAT SECTION,17,17,74,74,SUBAERIAL,,,s AG-09-51 [4695],BASALT [4695],,,,CENOZOIC [4695],,,,,VOLCANIC ROCK,,,,,WHOLE_ROCK [4695] ,232128.221,15043.433999999997,,72083.9862,,,,109832.49,75686.73,38112.128,1626.3618,,3403.615,17136.8967,1047.4104,,,,,,,,,,,,,,,,,,,,,,,,,,,,,,,,,,,,,,,,,,,,,,486,109,,,,84,225,124,24,,,,,11,199,38,159,10,,,,,,,,,,,,,45,,,,,,,,,,,,,,,,,,,,,,,,,,,,,,,,,,,,,,,,,,,,,,,,,,,,,102314,
[4695],CONTINENTAL FLOOD BASALT,DECCAN / SOUTHERN DECCAN / WAI SUBGROUP - AMBENALI FORMATION,AMBA GHAT SECTION,17,17,74,74,SUBAERIAL,,,s AG-10-51 [4695],BASALT [4695],,,,CENOZOIC [4695],,,,,VOLCANIC ROCK,,,,,WHOLE_ROCK [4695] ,233063.09100000001,15702.708,,73248.33840000001,,,,102992.25,79117.29000000001,37086.96,1548.9160000000002,,3403.615,17285.2681,1178.3367,,,,,,,,,,,,,,,,,,,,,,,,,,,,,,,,,,,,,,,,,,,,35.79,,465,206,,,,100,253,124,24,,,,,10,217,40,176,13,,,,,,,,,,,,,42,11.73,27.85,,20.55,5.74,2.06,,1.07,,,,,3.33,0.49,,,,,,,,,,,,,1.13,,,,,,,,,,,,,,,,,,,,,,,,,,102315,
[4695],CONTINENTAL FLOOD BASALT,DECCAN / SOUTHERN DECCAN / WAI SUBGROUP - AMBENALI FORMATION,AMBA GHAT SECTION,17,17,74,74,SUBAERIAL,,,s AG-11-51 [4695],BASALT [4695],,,,CENOZOIC [4695],,,,,VOLCANIC ROCK,,,,,WHOLE_ROCK [4695] ,234745.85700000002,14144.423999999999,,73777.5894,,,,99572.13,81261.39,37931.216,1626.3618,,2822.51,16691.7825,916.4841,,,,,,,,,,,,,,,,,,,,,,,,,,,,,,,,,,,,,,,,,,,,,,428,195,,,,98,176,110,24,,,,,8,210,32,144,11,,,,,,,,,,,,,44,,,,,,,,,,,,,,,,,,,,,,,,,,,,,,,,,,,,,,,,,,,,,,,,,,,,,102316,
[4695],CONTINENTAL FLOOD BASALT,DECCAN / SOUTHERN DECCAN / WAI SUBGROUP - AMBENALI FORMATION,AMBA GHAT SECTION,17,17,74,74,SUBAERIAL,,,s AG-12-51 [4695],BASALT [4695],,,,CENOZOIC [4695],,,,,VOLCANIC ROCK,,,,,WHOLE_ROCK [4695] ,230538.942,21396.438,,69120.1806,,,,120403.77,69683.25,32986.28799999999,1626.3618,,3735.675,17656.1966,1309.263,,,,,,,,,,,,,,,,,,,,,,,,,,,,,,,,,,,,,,,,,,,,,,571,83,,,,66,243,146,26,,,,,11,227,42,198,16,,,,,,,,,,,,,47,,,,,,,,,,,,,,,,,,,,,,,,,,,,,,,,,,,,,,,,,,,,,,,,,,,,,102317,
[4695],CONTINENTAL FLOOD BASALT,DECCAN / SOUTHERN DECCAN / WAI SUBGROUP - AMBENALI FORMATION,AMBA GHAT SECTION,17,17,74,74,SUBAERIAL,,,s AG-12-52 [4695],BASALT [4695],,,,CENOZOIC [4695],,,,,VOLCANIC ROCK,,,,,WHOLE_ROCK [4695] ,230679.17250000002,23314.326,,65256.6483,,,,127710.39,68039.44,30091.696,1858.6992,,4399.795,17730.3823,1440.1893,,,,,,,,,,,,,,,,,,,,,,,,,,,,,,,,,,,,,,,,,,,,,,593,80,,,,62,231,160,25,,,,,17,216,44,213,18,,,,,,,,,,,,,76,,,,,,,,,,,,,,,,,,,,,,,,,,,,,,,,,,,,,,,,,,,,,,,,,,,,,102318,
[4695],CONTINENTAL FLOOD BASALT,DECCAN / SOUTHERN DECCAN / WAI SUBGROUP - AMBENALI FORMATION,AMBA GHAT SECTION,17,17,74,74,SUBAERIAL,,,s AG-12-53 [4695],BASALT [4695],,,,CENOZOIC [4695],,,,,VOLCANIC ROCK,,,,,WHOLE_ROCK [4695] ,231053.12050000002,23554.061999999998,,64727.397300000004,,,,129575.91000000002,67825.03,28885.615999999998,1703.8076,,4150.75,17730.3823,1527.4734999999998,,,,,,,,,,,,,,,,,,,,,,,,,,,,,,,,,,,,,,,,,,,,,,604,75,,,,60,255,159,25,,,,,15,218,47,228,19,,,,,,,,,,,,,72,,,,,,,,,,,,,,,,,,,,,,,,,,,,,,,,,,,,,,,,,,,,,,,,,,,,,102319,
[4695],CONTINENTAL FLOOD BASALT,DECCAN / SOUTHERN DECCAN / WAI SUBGROUP - MAHABALESHWAR FORMATION,AMBA GHAT SECTION,17,17,74,74,SUBAERIAL,,,s AG-13-51 [4695],BASALT [4695],,,,CENOZOIC [4695],,,,,VOLCANIC ROCK,,,,,WHOLE_ROCK [4695] ,229978.02000000002,19059.012,,77429.4213,,,,106490.09999999999,73471.15999999999,34373.28,1471.4702,,3071.555,18101.3108,1352.9051,,,,,,,,,,,,,,,,,,,,,,,,,,,,,,,,,,,,,,,,,,,,,,459,112,,,,89,191,136,26,,,,,5,287,35,173,18,,,,,,,,,,,,,70,,,,,,,,,,,,,,,,,,,,,,,,,,,,,,,,,,,,,,,,,,,,,,,,,,,,,102320,
[4695],CONTINENTAL FLOOD BASALT,DECCAN / SOUTHERN DECCAN / WAI SUBGROUP - MAHABALESHWAR FORMATION,AMBA GHAT SECTION,17,17,74,74,SUBAERIAL,,,s AG-14-51 [4695],BASALT [4695],,,,CENOZOIC [4695],,,,,VOLCANIC ROCK,,,,,WHOLE_ROCK [4695] ,231193.35100000002,19898.087999999996,,69702.3567,,,,115973.16,70826.77,33649.632,1781.2534,,5562.005,17804.568,1483.8314,,,,,,,,,,,,,,,,,,,,,,,,,,,,,,,,,,,,,,,,,,,,,,502,150,,,,79,257,144,26,,,,,17,243,41,215,19,,,,,,,,,,,,,149,,,,,,,,,,,,,,,,,,,,,,,,,,,,,,,,,,,,,,,,,,,,,,,,,,,,,102321,
[4695],CONTINENTAL FLOOD BASALT,DECCAN / SOUTHERN DECCAN / LONAVALA SUBGROUP - BUSHE FORMATION,MAHABALESHWAR SECTION,17.93,17.93,73.6,73.6,SUBAERIAL,,,s MA-002-51 [4695],BASALT [4695],,,,CENOZOIC [4695],,,,,VOLCANIC ROCK,,,,,WHOLE_ROCK [4695] ,244468.505,6532.8060000000005,,78223.2978,,,,82005.15000000001,78259.65,42936.448,1084.2412000000002,,6226.125,16395.039699999998,480.0631,,,,,,,,,,,,,,,,,,,,,,,,,,,,,,,,,,,,,,,,,,,,,,269,305,,,,133,116,80,20,,,,,20,189,24,101,5,,,,,,,,,,,,,141,,,,,,,,,,,,,,,,,,,,,,,,,,,,,,,,,,,,,,,,,,,,,,,,,,,,,102323,
[4695],CONTINENTAL FLOOD BASALT,DECCAN / SOUTHERN DECCAN / WAI SUBGROUP - POLADPUR FORMATION,MAHABALESHWAR SECTION,17.93,17.93,73.6,73.6,SUBAERIAL,,,s MA-A-51 [4695],BASALT [4695],,,,CENOZOIC [4695],,,,,VOLCANIC ROCK,,,,,WHOLE_ROCK [4695] ,231473.81200000003,18219.935999999998,,68273.379,,,,116750.45999999999,70326.48,36483.92,1548.9160000000002,,5478.990000000001,18323.8679,1309.263,,,,,,,,,,,,,,,,,,,,,,,,,,,,,,,,,,,,,,,,,,,,,,462,112,,,,75,197,126,23,,,,,14,264,41,194,12,,,,,,,,,,,,,127,,,,,,,,,,,,,,,,,,,,,,,,,,,,,,,,,,,,,,,,,,,,,,,,,,,,,102324,
[4695],CONTINENTAL FLOOD BASALT,DECCAN / SOUTHERN DECCAN / WAI SUBGROUP - POLADPUR FORMATION,MAHABALESHWAR SECTION,17.93,17.93,73.6,73.6,SUBAERIAL,,,s MA-B-51 [4695],BASALT [4695],,,,CENOZOIC [4695],,,,,VOLCANIC ROCK,,,,,WHOLE_ROCK [4695] ,234044.70450000002,17800.398,,68167.5288,,,,114807.20999999999,70969.70999999999,35579.36,1548.9160000000002,,4814.87,18101.3108,1134.6946,,,,,,,,,,,,,,,,,,,,,,,,,,,,,,,,,,,,,,,,,,,,,,480,99,,,,73,250,122,24,,,,,16,206,38,194,13,,,,,,,,,,,,,114,,,,,,,,,,,,,,,,,,,,,,,,,,,,,,,,,,,,,,,,,,,,,,,,,,,,,102325,
[4695],CONTINENTAL FLOOD BASALT,DECCAN / SOUTHERN DECCAN / WAI SUBGROUP - POLADPUR FORMATION,MAHABALESHWAR SECTION,17.93,17.93,73.6,73.6,SUBAERIAL,,,s MA-F-51 [4695],BASALT [4695],,,,CENOZOIC [4695],,,,,VOLCANIC ROCK,,,,,WHOLE_ROCK [4695] ,240915.999,11926.866,,75206.56710000001,,,,90399.99,78188.18,39800.63999999999,1394.0244,,3320.6000000000004,17136.8967,872.8420000000001,,,,,,,,,,,,,,,,,,,,,,,,,,,,,,,,,,,,,,,,,,,,,,359,286,,,,112,187,100,21,,,,,20,208,31,143,10,,,,,,,,,,,,,120,,,,,,,,,,,,,,,,,,,,,,,,,,,,,,,,,,,,,,,,,,,,,,,,,,,,,102326,
[4695],CONTINENTAL FLOOD BASALT,DECCAN / SOUTHERN DECCAN / WAI SUBGROUP - POLADPUR FORMATION,MAHABALESHWAR SECTION,17.93,17.93,73.6,73.6,SUBAERIAL,,,s MA-G-51 [4695],BASALT [4695],,,,CENOZOIC [4695],,,,,VOLCANIC ROCK,,,,,WHOLE_ROCK [4695] ,237036.28850000002,11806.998,,75418.2675,,,,88612.2,82047.56,43660.096,1239.1328,,2573.465,17062.711,785.5577999999999,,,,,,,,,,,,,,,,,,,,,,,,,,,,,,,,,,,,,,,,,,,,,,375,326,,,,127,165,91,21,,,,,4,210,30,132,10,,,,,,,,,,,,,104,,,,,,,,,,,,,,,,,,,,,,,,,,,,,,,,,,,,,,,,,,,,,,,,,,,,,102327,
[4695],CONTINENTAL FLOOD BASALT,DECCAN / SOUTHERN DECCAN / WAI SUBGROUP - AMBENALI FORMATION,MAHABALESHWAR SECTION,17.93,17.93,73.6,73.6,SUBAERIAL,,,s MA-H-51 [4695],BASALT [4695],,,,CENOZOIC [4695],,,,,VOLCANIC ROCK,,,,,WHOLE_ROCK [4695] ,234418.65250000003,12046.733999999999,,75206.56710000001,,,,100971.27,81618.74,36483.92,1703.8076,,3154.57,17730.3823,785.5577999999999,,,,,,,,,,,,,,,,,,,,,,,,,,,,,,,,,,,,,,,,,,,,,,356,109,,,,70,140,94,21,,,,,7,202,31,119,9,,,,,,,,,,,,,71,,,,,,,,,,,,,,,,,,,,,,,,,,,,,,,,,,,,,,,,,,,,,,,,,,,,,102328,
[4695],CONTINENTAL FLOOD BASALT,DECCAN / SOUTHERN DECCAN / WAI SUBGROUP - AMBENALI FORMATION,MAHABALESHWAR SECTION,17.93,17.93,73.6,73.6,SUBAERIAL,,,s MA-I-55 [4695],BASALT [4695],,,,CENOZOIC [4695],,,,,VOLCANIC ROCK,,,,,WHOLE_ROCK [4695] ,234184.93500000003,11567.261999999999,,76582.61970000001,,,,102214.95,81547.27,35036.623999999996,1471.4702,,2988.54,17878.7537,741.9157,,,,,,,,,,,,,,,,,,,,,,,,,,,,,,,,,,,,,,,,,,,,,,358,114,,,,71,137,94,22,,,,,8,206,28,110,8,,,,,,,,,,,,,56,,,,,,,,,,,,,,,,,,,,,,,,,,,,,,,,,,,,,,,,,,,,,,,,,,,,,102329,
[4695],CONTINENTAL FLOOD BASALT,DECCAN / SOUTHERN DECCAN / WAI SUBGROUP - AMBENALI FORMATION,MAHABALESHWAR SECTION,17.93,17.93,73.6,73.6,SUBAERIAL,,,s MA-K-55 [4695],BASALT [4695],,,,CENOZOIC [4695],,,,,VOLCANIC ROCK,,,,,WHOLE_ROCK [4695] ,231847.76000000004,13005.677999999998,,74200.9902,,,,100271.7,82333.44,41006.719999999994,1394.0244,,2573.465,17136.8967,829.1999000000001,,,,,,,,,,,,,,,,,,,,,,,,,,,,,,,,,,,,,,,,,,,,,,396,128,,,,97,202,99,21,,,,,5,210,30,135,9,,,,,,,,,,,,,44,,,,,,,,,,,,,,,,,,,,,,,,,,,,,,,,,,,,,,,,,,,,,,,,,,,,,102330,
[4695],CONTINENTAL FLOOD BASALT,DECCAN / SOUTHERN DECCAN / WAI SUBGROUP - AMBENALI FORMATION,MAHABALESHWAR SECTION,17.93,17.93,73.6,73.6,SUBAERIAL,,,s MA-N-55 [4695],BASALT [4695],,,,CENOZOIC [4695],,,,,VOLCANIC ROCK,,,,,WHOLE_ROCK [4695] ,228996.40650000004,15822.576,,70390.383,,,,115118.13,79331.7,37267.871999999996,1626.3618,,1328.24,17582.0109,1047.4104,,,,,,,,,,,,,,,,,,,,,,,,,,,,,,,,,,,,,,,,,,,,,,482,80,,,,88,233,123,23,,,,,,215,35,155,11,,,,,,,,,,,,,33,,,,,,,,,,,,,,,,,,,,,,,,,,,,,,,,,,,,,,,,,,,,,,,,,,,,,102332,
[4695],CONTINENTAL FLOOD BASALT,DECCAN / SOUTHERN DECCAN / WAI SUBGROUP - AMBENALI FORMATION,MAHABALESHWAR SECTION,17.93,17.93,73.6,73.6,SUBAERIAL,,,s MA-O-55 [4695],BASALT [4695],,,,CENOZOIC [4695],,,,,VOLCANIC ROCK,,,,,WHOLE_ROCK [4695] ,230211.73750000002,23134.523999999998,,66421.00050000001,,,,118926.90000000001,72827.93,33408.416,1548.9160000000002,,2573.465,17952.9394,1658.3998000000001,,,,,,,,,,,,,,,,,,,,,,,,,,,,,,,,,,,,,,,,,,,,,,609,146,,,,87,360,136,24,,,,,5,216,51,254,16,,,,,,,,,,,,,59,,,,,,,,,,,,,,,,,,,,,,,,,,,,,,,,,,,,,,,,,,,,,,,,,,,,,102333,
[4695],CONTINENTAL FLOOD BASALT,DECCAN / SOUTHERN DECCAN / WAI SUBGROUP - AMBENALI FORMATION,MAHABALESHWAR SECTION,17.93,17.93,73.6,73.6,SUBAERIAL,,,s MA-P-51 [4695],BASALT [4695],,,,CENOZOIC [4695],,,,,VOLCANIC ROCK,,,,,WHOLE_ROCK [4695] ,236615.597,16242.114,,69120.1806,,,,105712.8,78116.70999999999,38293.03999999999,1548.9160000000002,,1743.3149999999998,15133.8828,1221.9788,,,,,,,,,,,,,,,,,,,,,,,,,,,,,,,,,,,,,,,,,,,,,,460,164,,,,83,168,111,22,,,,,,175,36,152,10,,,,,,,,,,,,,21,,,,,,,,,,,,,,,,,,,,,,,,,,,,,,,,,,,,,,,,,,,,,,,,,,,,,102334,
[4695],CONTINENTAL FLOOD BASALT,DECCAN / SOUTHERN DECCAN / WAI SUBGROUP - AMBENALI FORMATION,MAHABALESHWAR SECTION,17.93,17.93,73.6,73.6,SUBAERIAL,,,s MA-Q-55 [4695],BASALT [4695],,,,CENOZOIC [4695],,,,,VOLCANIC ROCK,,,,,WHOLE_ROCK [4695] ,229884.53300000002,19778.219999999998,,66897.3264,,,,119937.39,74257.33,35639.664,1626.3618,,1909.345,17804.568,1352.9051,,,,,,,,,,,,,,,,,,,,,,,,,,,,,,,,,,,,,,,,,,,,,,556,125,,,,85,344,132,24,,,,,4,222,42,199,13,,,,,,,,,,,,,50,,,,,,,,,,,,,,,,,,,,,,,,,,,,,,,,,,,,,,,,,,,,,,,,,,,,,102335,
[4695],CONTINENTAL FLOOD BASALT,DECCAN / SOUTHERN DECCAN / WAI SUBGROUP - AMBENALI FORMATION,MAHABALESHWAR SECTION,17.93,17.93,73.6,73.6,SUBAERIAL,,,s MA-R-56 [4695],BASALT [4695],,,,CENOZOIC [4695],,,,,VOLCANIC ROCK,,,,,WHOLE_ROCK [4695] ,230445.45500000002,18759.341999999997,,70019.9073,,,,113641.26,76258.49,35699.968,1626.3618,,1743.3149999999998,17952.9394,1265.6209,,,,,,,,,,,,,,,,,,,,,,,,,,,,,,,,,,,,,,,,,,,,,,509,141,,,,91,230,125,24,,,,,4,227,42,186,13,,,,,,,,,,,,,52,,,,,,,,,,,,,,,,,,,,,,,,,,,,,,,,,,,,,,,,,,,,,,,,,,,,,102336,
[4695],CONTINENTAL FLOOD BASALT,DECCAN / SOUTHERN DECCAN / WAI SUBGROUP - AMBENALI FORMATION,MAHABALESHWAR SECTION,17.93,17.93,73.6,73.6,SUBAERIAL,,,s MA-T-55 [4695],BASALT [4695],,,,CENOZOIC [4695],,,,,VOLCANIC ROCK,,,,,WHOLE_ROCK [4695] ,230819.40300000002,18219.935999999998,,72348.61170000001,,,,114418.56000000001,75043.5,32745.071999999996,1394.0244,,3071.555,18101.3108,1178.3367,,,,,,,,,,,,,,,,,,,,,,,,,,,,,,,,,,,,,,,,,,,,,,514,138,,,,96,457,119,25,,,,,6,223,38,174,12,,,,,,,,,,,,,62,,,,,,,,,,,,,,,,,,,,,,,,,,,,,,,,,,,,,,,,,,,,,,,,,,,,,102337,
[4695],CONTINENTAL FLOOD BASALT,DECCAN / SOUTHERN DECCAN / WAI SUBGROUP - AMBENALI FORMATION,MAHABALESHWAR SECTION,17.93,17.93,73.6,73.6,SUBAERIAL,,,s MA-U-55 [4695],BASALT [4695],,,,CENOZOIC [4695],,,,,VOLCANIC ROCK,,,,,WHOLE_ROCK [4695] ,229884.53300000002,14863.632,,72454.4619,,,,108433.34999999999,80618.15999999999,39740.335999999996,1626.3618,,1411.255,16543.411099999998,960.1262,,,,,,,,,,,,,,,,,,,,,,,,,,,,,,,,,,,,,,,,,,,,,,430,105,,,,83,159,114,23,,,,,3,202,33,151,10,,,,,,,,,,,,,48,,,,,,,,,,,,,,,,,,,,,,,,,,,,,,,,,,,,,,,,,,,,,,,,,,,,,102338,
[4695],CONTINENTAL FLOOD BASALT,DECCAN / SOUTHERN DECCAN / WAI SUBGROUP - AMBENALI FORMATION,MAHABALESHWAR SECTION,17.93,17.93,73.6,73.6,SUBAERIAL,,,s MA-V-55 [4695],BASALT [4695],,,,CENOZOIC [4695],,,,,VOLCANIC ROCK,,,,,WHOLE_ROCK [4695] ,229417.098,15103.367999999999,,71872.2858,,,,109987.95,76258.49,42031.888,1703.8076,,3154.57,16395.039699999998,960.1262,,,,,,,,,,,,,,,,,,,,,,,,,,,,,,,,,,,,,,,,,,,,,,426,130,,,,93,220,113,22,,,,,6,194,33,144,10,,,,,,,,,,,,,43,,,,,,,,,,,,,,,,,,,,,,,,,,,,,,,,,,,,,,,,,,,,,,,,,,,,,102339,
[4695],CONTINENTAL FLOOD BASALT,DECCAN / SOUTHERN DECCAN / WAI SUBGROUP - AMBENALI FORMATION,MAHABALESHWAR SECTION,17.93,17.93,73.6,73.6,SUBAERIAL,,,s MA-W-21 [4695],BASALT [4695],,,,CENOZOIC [4695],,,,,VOLCANIC ROCK,,,,,WHOLE_ROCK [4695] ,225069.9525,16961.322,,73618.8141,,,,115273.59,78259.65,40886.112,1548.9160000000002,,1079.195,14837.14,960.1262,,,,,,,,,,,,,,,,,,,,,,,,,,,,,,,,,,,,,,,,,,,,,,464,122,,,,94,239,134,25,,,,,,196,34,155,11,,,,,,,,,,,,,22,,,,,,,,,,,,,,,,,,,,,,,,,,,,,,,,,,,,,,,,,,,,,,,,,,,,,102340,
[4695],CONTINENTAL FLOOD BASALT,DECCAN / SOUTHERN DECCAN / WAI SUBGROUP - AMBENALI FORMATION,MAHABALESHWAR SECTION,17.93,17.93,73.6,73.6,SUBAERIAL,,,s MA-W-22 [4695],BASALT [4695],,,,CENOZOIC [4695],,,,,VOLCANIC ROCK,,,,,WHOLE_ROCK [4695] ,227594.10150000002,16721.586,,72772.0125,,,,115817.7,79331.7,36303.007999999994,1548.9160000000002,,1411.255,15949.9255,1003.7683000000001,,,,,,,,,,,,,,,,,,,,,,,,,,,,,,,,,,,,,,,,,,,,,,405,121,,,,83,244,118,23,,,,,6,206,36,154,11,,,,,,,,,,,,,20,,,,,,,,,,,,,,,,,,,,,,,,,,,,,,,,,,,,,,,,,,,,,,,,,,,,,102341,
[4695],CONTINENTAL FLOOD BASALT,DECCAN / SOUTHERN DECCAN / WAI SUBGROUP - AMBENALI FORMATION,MAHABALESHWAR SECTION,17.93,17.93,73.6,73.6,SUBAERIAL,,,s MA-W-23 [4695],BASALT [4695],,,,CENOZOIC [4695],,,,,VOLCANIC ROCK,,,,,WHOLE_ROCK [4695] ,228715.94550000003,16601.718,,71978.136,,,,111153.90000000001,79903.45999999999,38715.168,1626.3618,,1079.195,16543.411099999998,1003.7683000000001,,,,,,,,,,,,,,,,,,,,,,,,,,,,,,,,,,,,,,,,,,,,,,396,124,,,,90,209,112,24,,,,,,208,34,152,11,,,,,,,,,,,,,25,,,,,,,,,,,,,,,,,,,,,,,,,,,,,,,,,,,,,,,,,,,,,,,,,,,,,102342,
[4695],CONTINENTAL FLOOD BASALT,DECCAN / SOUTHERN DECCAN / WAI SUBGROUP - AMBENALI FORMATION,MAHABALESHWAR SECTION,17.93,17.93,73.6,73.6,SUBAERIAL,,,s MA-W-24 [4695],BASALT [4695],,,,CENOZOIC [4695],,,,,VOLCANIC ROCK,,,,,WHOLE_ROCK [4695] ,230071.507,16841.453999999998,,70760.8587,,,,113874.45,75829.67,38293.03999999999,1703.8076,,2822.51,16320.854000000001,1003.7683000000001,,,,,,,,,,,,,,,,,,,,,,,,,,,,,,,,,,,,,,,,,,,,,,363,113,,,,84,179,107,23,,,,,3,203,36,152,11,,,,,,,,,,,,,49,,,,,,,,,,,,,,,,,,,,,,,,,,,,,,,,,,,,,,,,,,,,,,,,,,,,,102343,
[4695],CONTINENTAL FLOOD BASALT,DECCAN / SOUTHERN DECCAN / WAI SUBGROUP - AMBENALI FORMATION,MAHABALESHWAR SECTION,17.93,17.93,73.6,73.6,SUBAERIAL,,,s MA-W-25 [4695],BASALT [4695],,,,CENOZOIC [4695],,,,,VOLCANIC ROCK,,,,,WHOLE_ROCK [4695] ,228575.71500000003,16601.718,,70813.7838,,,,113641.26,76258.49,40343.376,1626.3618,,2739.4950000000003,16246.6683,1047.4104,,,,,,,,,,,,,,,,,,,,,,,,,,,,,,,,,,,,,,,,,,,,39.18,,373,120,,,,82,171,106,21,,,,,4,195,34,148,10,,,,,,,,,,,,,48,10.48,24.57,,18.71,5.35,2.04,,1.05,,,,,3.29,0.48,,,,,,,,,,,,,1.08,,,,,,,,,,,,,,,,,,,,,,,,,,102344,
[4695],CONTINENTAL FLOOD BASALT,DECCAN / SOUTHERN DECCAN / WAI SUBGROUP - AMBENALI FORMATION,MAHABALESHWAR SECTION,17.93,17.93,73.6,73.6,SUBAERIAL,,,s MA-W-26 [4695],BASALT [4695],,,,CENOZOIC [4695],,,,,VOLCANIC ROCK,,,,,WHOLE_ROCK [4695] ,228248.5105,16481.85,,71554.7352,,,,112863.95999999999,76615.84000000001,40102.159999999996,1626.3618,,2573.465,16765.9682,1003.7683000000001,,,,,,,,,,,,,,,,,,,,,,,,,,,,,,,,,,,,,,,,,,,,,,393,117,,,,87,180,108,23,,,,,3,208,36,149,10,,,,,,,,,,,,,58,,,,,,,,,,,,,,,,,,,,,,,,,,,,,,,,,,,,,,,,,,,,,,,,,,,,,102345,
[4695],CONTINENTAL FLOOD BASALT,DECCAN / SOUTHERN DECCAN / WAI SUBGROUP - AMBENALI FORMATION,MAHABALESHWAR SECTION,17.93,17.93,73.6,73.6,SUBAERIAL,,,s MA-W-27 [4695],BASALT [4695],,,,CENOZOIC [4695],,,,,VOLCANIC ROCK,,,,,WHOLE_ROCK [4695] ,228856.17600000004,16661.652,,70443.30810000001,,,,113174.88,77616.42,39438.816,1548.9160000000002,,2407.435,16765.9682,1047.4104,,,,,,,,,,,,,,,,,,,,,,,,,,,,,,,,,,,,,,,,,,,,,,437,120,,,,85,218,112,23,,,,,4,204,36,155,11,,,,,,,,,,,,,61,,,,,,,,,,,,,,,,,,,,,,,,,,,,,,,,,,,,,,,,,,,,,,,,,,,,,102346,
[4695],CONTINENTAL FLOOD BASALT,DECCAN / SOUTHERN DECCAN / WAI SUBGROUP - AMBENALI FORMATION,MAHABALESHWAR SECTION,17.93,17.93,73.6,73.6,SUBAERIAL,,,s MA-W-29 [4695],BASALT [4695],,,,CENOZOIC [4695],,,,,VOLCANIC ROCK,,,,,WHOLE_ROCK [4695] ,229931.2765,15822.576,,70707.9336,,,,115662.24,78474.06,36061.792,1471.4702,,1992.36,16988.5253,1091.0525,,,,,,,,,,,,,,,,,,,,,,,,,,,,,,,,,,,,,,,,,,,,,,398,124,,,,81,269,119,22,,,,,11,203,37,169,12,,,,,,,,,,,,,40,,,,,,,,,,,,,,,,,,,,,,,,,,,,,,,,,,,,,,,,,,,,,,,,,,,,,102347,
[4695],CONTINENTAL FLOOD BASALT,DECCAN / SOUTHERN DECCAN / WAI SUBGROUP - AMBENALI FORMATION,MAHABALESHWAR SECTION,17.93,17.93,73.6,73.6,SUBAERIAL,,,s MA-W-31 [4695],BASALT [4695],,,,CENOZOIC [4695],,,,,VOLCANIC ROCK,,,,,WHOLE_ROCK [4695] ,228341.99750000003,16721.586,,70549.15830000001,,,,113952.18000000001,77830.83,39619.728,1703.8076,,1992.36,16469.2254,1003.7683000000001,,,,,,,,,,,,,,,,,,,,,,,,,,,,,,,,,,,,,,,,,,,,,,423,129,,,,86,188,110,22,,,,,5,199,34,148,11,,,,,,,,,,,,,40,,,,,,,,,,,,,,,,,,,,,,,,,,,,,,,,,,,,,,,,,,,,,,,,,,,,,102348,
[4695],CONTINENTAL FLOOD BASALT,DECCAN / SOUTHERN DECCAN / WAI SUBGROUP - AMBENALI FORMATION,MAHABALESHWAR SECTION,17.93,17.93,73.6,73.6,SUBAERIAL,,,s MA-X-51 [4695],BASALT [4695],,,,CENOZOIC [4695],,,,,VOLCANIC ROCK,,,,,WHOLE_ROCK [4695] ,229043.15000000002,15343.104,,72719.0874,,,,107656.05,77473.48,42996.75199999999,1471.4702,,2490.45,16172.482600000001,916.4841,,,,,,,,,,,,,,,,,,,,,,,,,,,,,,,,,,,,,,,,,,,,,,415,208,,,,111,225,106,22,,,,,,200,31,135,10,,,,,,,,,,,,,52,,,,,,,,,,,,,,,,,,,,,,,,,,,,,,,,,,,,,,,,,,,,,,,,,,,,,102350,
[4695],CONTINENTAL FLOOD BASALT,DECCAN / SOUTHERN DECCAN / WAI SUBGROUP - AMBENALI FORMATION,MAHABALESHWAR SECTION,17.93,17.93,73.6,73.6,SUBAERIAL,,,s MA-Y-51 [4695],BASALT [4695],,,,CENOZOIC [4695],,,,,VOLCANIC ROCK,,,,,WHOLE_ROCK [4695] ,231380.325,16421.916,,71501.8101,,,,108899.73,77330.54000000001,38835.776,1936.145,,1577.285,17062.711,1047.4104,,,,,,,,,,,,,,,,,,,,,,,,,,,,,,,,,,,,,,,,,,,,,,394,122,,,,77,191,109,23,,,,,,231,34,151,11,,,,,,,,,,,,,69,,,,,,,,,,,,,,,,,,,,,,,,,,,,,,,,,,,,,,,,,,,,,,,,,,,,,102351,
[4695],CONTINENTAL FLOOD BASALT,DECCAN / SOUTHERN DECCAN / WAI SUBGROUP - MAHABALESHWAR FORMATION,MAHABALESHWAR SECTION,17.93,17.93,73.6,73.6,SUBAERIAL,,,s MA-Z3-51 [4695],BASALT [4695],,,,CENOZOIC [4695],,,,,VOLCANIC ROCK,,,,,WHOLE_ROCK [4695] ,228341.99750000003,27150.102,,63563.0451,,,,127244.01000000001,67610.62000000001,29850.48,1548.9160000000002,,5562.005,18620.610699999997,1963.8945,,,,,,,,,,,,,,,,,,,,,,,,,,,,,,,,,,,,,,,,,,,,,,551,56,,,,70,275,166,25,,,,,15,248,44,250,27,,,,,,,,,,,,,129,,,,,,,,,,,,,,,,,,,,,,,,,,,,,,,,,,,,,,,,,,,,,,,,,,,,,102353,
[4695],CONTINENTAL FLOOD BASALT,DECCAN / SOUTHERN DECCAN / WAI SUBGROUP - MAHABALESHWAR FORMATION,MAHABALESHWAR SECTION,17.93,17.93,73.6,73.6,SUBAERIAL,,,s MA-Z5-51 [4695],BASALT [4695],,,,CENOZOIC [4695],,,,,VOLCANIC ROCK,,,,,WHOLE_ROCK [4695] ,234605.6265,13844.753999999999,,75577.0428,,,,96929.31000000001,79546.11,38293.03999999999,1548.9160000000002,,2988.54,18249.6822,1091.0525,,,,,,,,,,,,,,,,,,,,,,,,,,,,,,,,,,,,,,,,,,,,,,301,231,,,,140,161,100,21,,,,,4,289,29,159,16,,,,,,,,,,,,,197,,,,,,,,,,,,,,,,,,,,,,,,,,,,,,,,,,,,,,,,,,,,,,,,,,,,,102354,
[4695],CONTINENTAL FLOOD BASALT,DECCAN / SOUTHERN DECCAN / WAI SUBGROUP - MAHABALESHWAR FORMATION,MAHABALESHWAR SECTION,17.93,17.93,73.6,73.6,SUBAERIAL,,,s MA-Z6-55 [4695],BASALT [4695],,,,CENOZOIC [4695],,,,,VOLCANIC ROCK,,,,,WHOLE_ROCK [4695] ,237176.51900000003,13844.753999999999,,74253.9153,,,,94675.14,78545.53,38956.384,1394.0244,,3486.6299999999997,18249.6822,1003.7683000000001,,,,,,,,,,,,,,,,,,,,,,,,,,,,,,,,,,,,,,,,,,,,,,314,260,,,,139,153,106,21,,,,,14,290,28,157,16,,,,,,,,,,,,,169,,,,,,,,,,,,,,,,,,,,,,,,,,,,,,,,,,,,,,,,,,,,,,,,,,,,,102355,
[4695],CONTINENTAL FLOOD BASALT,DECCAN / SOUTHERN DECCAN / WAI SUBGROUP - MAHABALESHWAR FORMATION,MAHABALESHWAR SECTION,17.93,17.93,73.6,73.6,SUBAERIAL,,,s MA-Z8-51 [4695],BASALT [4695],,,,CENOZOIC [4695],,,,,VOLCANIC ROCK,,,,,WHOLE_ROCK [4695] ,231286.83800000002,21935.844,,68432.1543,,,,115973.16,73971.45,31478.688,1781.2534,,2905.5249999999996,18546.425,1571.1155999999999,,,,,,,,,,,,,,,,,,,,,,,,,,,,,,,,,,,,,,,,,,,,,,463,89,,,,61,283,134,23,,,,,11,248,43,234,22,,,,,,,,,,,,,114,,,,,,,,,,,,,,,,,,,,,,,,,,,,,,,,,,,,,,,,,,,,,,,,,,,,,102357,
[4695],CONTINENTAL FLOOD BASALT,DECCAN / SOUTHERN DECCAN / WAI SUBGROUP - MAHABALESHWAR FORMATION,MAHABALESHWAR SECTION,17.93,17.93,73.6,73.6,SUBAERIAL,,,s MA-Z10-51 [4695],BASALT [4695],,,,CENOZOIC [4695],,,,,VOLCANIC ROCK,,,,,WHOLE_ROCK [4695] ,233109.8345,19958.022,,69067.25550000001,,,,109987.95,74400.27,34493.888,1548.9160000000002,,3818.69,18546.425,1352.9051,,,,,,,,,,,,,,,,,,,,,,,,,,,,,,,,,,,,,,,,,,,,,,488,149,,,,80,243,130,24,,,,,9,225,40,200,17,,,,,,,,,,,,,122,,,,,,,,,,,,,,,,,,,,,,,,,,,,,,,,,,,,,,,,,,,,,,,,,,,,,102358,
[4695],CONTINENTAL FLOOD BASALT,DECCAN / SOUTHERN DECCAN / WAI SUBGROUP - MAHABALESHWAR FORMATION,MAHABALESHWAR SECTION,17.93,17.93,73.6,73.6,SUBAERIAL,,,s MA-Z11-51 [4695],BASALT [4695],,,,CENOZOIC [4695],,,,,VOLCANIC ROCK,,,,,WHOLE_ROCK [4695] ,232735.88650000002,15882.509999999998,,74624.391,,,,102370.41,80904.04000000001,34735.104,1548.9160000000002,,3071.555,17730.3823,1091.0525,,,,,,,,,,,,,,,,,,,,,,,,,,,,,,,,,,,,,,,,,,,,,,400,149,,,,81,225,113,21,,,,,6,224,34,167,14,,,,,,,,,,,,,120,,,,,,,,,,,,,,,,,,,,,,,,,,,,,,,,,,,,,,,,,,,,,,,,,,,,,102359,
[4695],CONTINENTAL FLOOD BASALT,DECCAN / SOUTHERN DECCAN / LONAVALA SUBGROUP - BUSHE FORMATION,BHOR-MAHAD SECTION,18.17,18.17,73.92,73.92,SUBAERIAL,,,s BM-01-51 [4695],BASALT [4695],,,,CENOZOIC [4695],,,,,VOLCANIC ROCK,,,,,WHOLE_ROCK [4695] ,237223.2625,7971.222,,83886.2835,,,,85969.38,78116.70999999999,43237.96799999999,1239.1328,,3984.72,15875.739800000001,567.3473,,,,,,,,,,,,,,,,,,,,,,,,,,,,,,,,,,,,,,,,,,,,,,281,222,,,,125,129,86,22,,,,,9,185,29,119,6,,,,,,,,,,,,,98,,,,,,,,,,,,,,,,,,,,,,,,,,,,,,,,,,,,,,,,,,,,,,,,,,,,,102361,
[4695],CONTINENTAL FLOOD BASALT,DECCAN / SOUTHERN DECCAN / LONAVALA SUBGROUP - BUSHE FORMATION,BHOR-MAHAD SECTION,18.17,18.17,73.92,73.92,SUBAERIAL,,,s BM-02-51 [4695],BASALT [4695],,,,CENOZOIC [4695],,,,,VOLCANIC ROCK,,,,,WHOLE_ROCK [4695] ,241383.434,6892.409999999999,,78805.47390000001,,,,84026.13,82261.97,44383.744,1316.5786,,4897.884999999999,13130.8689,480.0631,,,,,,,,,,,,,,,,,,,,,,,,,,,,,,,,,,,,,,,,,,,,,,284,297,,,,97,136,81,20,,,,,20,168,25,86,5,,,,,,,,,,,,,126,,,,,,,,,,,,,,,,,,,,,,,,,,,,,,,,,,,,,,,,,,,,,,,,,,,,,102362,
[4695],CONTINENTAL FLOOD BASALT,DECCAN / SOUTHERN DECCAN / WAI SUBGROUP - POLADPUR FORMATION,BHOR-MAHAD SECTION,18.17,18.17,73.92,73.92,SUBAERIAL,,,s BM-04-51 [4695],BASALT [4695],,,,CENOZOIC [4695],,,,,VOLCANIC ROCK,,,,,WHOLE_ROCK [4695] ,240401.82050000003,12406.337999999998,,74730.2412,,,,101826.3,74328.8,34373.28,1471.4702,,3486.6299999999997,17656.1966,829.1999000000001,,,,,,,,,,,,,,,,,,,,,,,,,,,,,,,,,,,,,,,,,,,,,,431,146,,,,72,187,108,23,,,,,13,211,34,144,10,,,,,,,,,,,,,130,,,,,,,,,,,,,,,,,,,,,,,,,,,,,,,,,,,,,,,,,,,,,,,,,,,,,102363,
[4695],CONTINENTAL FLOOD BASALT,DECCAN / SOUTHERN DECCAN / WAI SUBGROUP - POLADPUR FORMATION,BHOR-MAHAD SECTION,18.17,18.17,73.92,73.92,SUBAERIAL,,,s BM-05-51 [4695],BASALT [4695],,,,CENOZOIC [4695],,,,,VOLCANIC ROCK,,,,,WHOLE_ROCK [4695] ,231660.78600000002,16541.783999999996,,70919.634,,,,115973.16,72327.64,36664.831999999995,1471.4702,,4233.765,16395.039699999998,1091.0525,,,,,,,,,,,,,,,,,,,,,,,,,,,,,,,,,,,,,,,,,,,,,,459,126,,,,89,231,125,26,,,,,10,218,37,176,11,,,,,,,,,,,,,73,,,,,,,,,,,,,,,,,,,,,,,,,,,,,,,,,,,,,,,,,,,,,,,,,,,,,102364,
[4695],CONTINENTAL FLOOD BASALT,DECCAN / SOUTHERN DECCAN / WAI SUBGROUP - POLADPUR FORMATION,BHOR-MAHAD SECTION,18.17,18.17,73.92,73.92,SUBAERIAL,,,s BM-06-51 [4695],BASALT [4695],,,,CENOZOIC [4695],,,,,VOLCANIC ROCK,,,,,WHOLE_ROCK [4695] ,241102.973,11447.393999999998,,76582.61970000001,,,,87834.90000000001,76687.31,41670.064,1316.5786,,4648.84,16172.482600000001,829.1999000000001,,,,,,,,,,,,,,,,,,,,,,,,,,,,,,,,,,,,,,,,,,,,,,371,290,,,,118,174,96,21,,,,,10,208,31,140,9,,,,,,,,,,,,,133,,,,,,,,,,,,,,,,,,,,,,,,,,,,,,,,,,,,,,,,,,,,,,,,,,,,,102365,
[4695],CONTINENTAL FLOOD BASALT,DECCAN / SOUTHERN DECCAN / WAI SUBGROUP - POLADPUR FORMATION,BHOR-MAHAD SECTION,18.17,18.17,73.92,73.92,SUBAERIAL,,,s BM-07-51 [4695],BASALT [4695],,,,CENOZOIC [4695],,,,,VOLCANIC ROCK,,,,,WHOLE_ROCK [4695] ,239139.746,14144.423999999999,,76159.2189,,,,88456.74,78474.06,39318.20799999999,1239.1328,,3818.69,17582.0109,960.1262,,,,,,,,,,,,,,,,,,,,,,,,,,,,,,,,,,,,,,,,,,,,,,417,280,,,,113,180,103,24,,,,,7,221,34,154,10,,,,,,,,,,,,,102,,,,,,,,,,,,,,,,,,,,,,,,,,,,,,,,,,,,,,,,,,,,,,,,,,,,,102366,
[4695],CONTINENTAL FLOOD BASALT,DECCAN / SOUTHERN DECCAN / WAI SUBGROUP - AMBENALI FORMATION,BHOR-MAHAD SECTION,18.17,18.17,73.92,73.92,SUBAERIAL,,,s BM-08-51 [4695],BASALT [4695],,,,CENOZOIC [4695],,,,,VOLCANIC ROCK,,,,,WHOLE_ROCK [4695] ,233577.26950000002,15822.576,,70760.8587,,,,115118.13,76329.95999999999,33468.719999999994,1626.3618,,2241.405,16765.9682,1047.4104,,,,,,,,,,,,,,,,,,,,,,,,,,,,,,,,,,,,,,,,,,,,,,480,89,,,,69,260,125,25,,,,,7,191,39,168,11,,,,,,,,,,,,,67,,,,,,,,,,,,,,,,,,,,,,,,,,,,,,,,,,,,,,,,,,,,,,,,,,,,,102367,
[4695],CONTINENTAL FLOOD BASALT,DECCAN / SOUTHERN DECCAN / WAI SUBGROUP - AMBENALI FORMATION,BHOR-MAHAD SECTION,18.17,18.17,73.92,73.92,SUBAERIAL,,,s BM-09-51 [4695],BASALT [4695],,,,CENOZOIC [4695],,,,,VOLCANIC ROCK,,,,,WHOLE_ROCK [4695] ,233296.8085,12166.601999999999,,75788.74320000001,,,,96851.58,85549.59000000001,39981.551999999996,1548.9160000000002,,1743.3149999999998,15504.811299999998,785.5577999999999,,,,,,,,,,,,,,,,,,,,,,,,,,,,,,,,,,,,,,,,,,,,,,422,123,,,,96,185,102,22,,,,,3,204,29,125,8,,,,,,,,,,,,,46,,,,,,,,,,,,,,,,,,,,,,,,,,,,,,,,,,,,,,,,,,,,,,,,,,,,,102368,
[4695],CONTINENTAL FLOOD BASALT,DECCAN / SOUTHERN DECCAN / WAI SUBGROUP - AMBENALI FORMATION,BHOR-MAHAD SECTION,18.17,18.17,73.92,73.92,SUBAERIAL,,,s BM-10-51 [4695],BASALT [4695],,,,CENOZOIC [4695],,,,,VOLCANIC ROCK,,,,,WHOLE_ROCK [4695] ,236241.649,13724.885999999999,,74994.8667,,,,97007.04000000001,80403.75,37931.216,1394.0244,,3403.615,16172.482600000001,916.4841,,,,,,,,,,,,,,,,,,,,,,,,,,,,,,,,,,,,,,,,,,,,,,431,124,,,,92,183,105,23,,,,,11,223,30,144,9,,,,,,,,,,,,,61,,,,,,,,,,,,,,,,,,,,,,,,,,,,,,,,,,,,,,,,,,,,,,,,,,,,,102369,
[4695],CONTINENTAL FLOOD BASALT,DECCAN / SOUTHERN DECCAN / WAI SUBGROUP - AMBENALI FORMATION,BHOR-MAHAD SECTION,18.17,18.17,73.92,73.92,SUBAERIAL,,,s BM-11-51 [4695],BASALT [4695],,,,CENOZOIC [4695],,,,,VOLCANIC ROCK,,,,,WHOLE_ROCK [4695] ,230772.6595,15582.84,,72930.7878,,,,109288.38,81046.98,36061.792,1858.6992,,1826.33,16320.854000000001,916.4841,,,,,,,,,,,,,,,,,,,,,,,,,,,,,,,,,,,,,,,,,,,,,,493,93,,,,85,168,121,25,,,,,8,217,33,149,11,,,,,,,,,,,,,,,,,,,,,,,,,,,,,,,,,,,,,,,,,,,,,,,,,,,,,,,,,,,,,,,,,,102370,
[4695],CONTINENTAL FLOOD BASALT,DECCAN / SOUTHERN DECCAN / WAI SUBGROUP - AMBENALI FORMATION,BHOR-MAHAD SECTION,18.17,18.17,73.92,73.92,SUBAERIAL,,,s BM-12-51 [4695],BASALT [4695],,,,CENOZOIC [4695],,,,,VOLCANIC ROCK,,,,,WHOLE_ROCK [4695] ,228155.02350000004,15163.301999999998,,74518.5408,,,,108899.73,81690.20999999999,37810.60799999999,1548.9160000000002,,1660.3000000000002,16617.5968,1003.7683000000001,,,,,,,,,,,,,,,,,,,,,,,,,,,,,,,,,,,,,,,,,,,,,,473,89,,,,83,253,117,24,,,,,4,216,33,143,10,,,,,,,,,,,,,,,,,,,,,,,,,,,,,,,,,,,,,,,,,,,,,,,,,,,,,,,,,,,,,,,,,,102371,
[4695],CONTINENTAL FLOOD BASALT,DECCAN / SOUTHERN DECCAN / WAI SUBGROUP - AMBENALI FORMATION,BHOR-MAHAD SECTION,18.17,18.17,73.92,73.92,SUBAERIAL,,,s BM-13-51 [4695],BASALT [4695],,,,CENOZOIC [4695],,,,,VOLCANIC ROCK,,,,,WHOLE_ROCK [4695] ,233203.32150000002,15702.708,,73830.5145,,,,102836.79000000001,81046.98,35639.664,1471.4702,,2822.51,16988.5253,1047.4104,,,,,,,,,,,,,,,,,,,,,,,,,,,,,,,,,,,,,,,,,,,,,,491,207,,,,103,210,115,24,,,,,10,218,35,155,10,,,,,,,,,,,,,,,,,,,,,,,,,,,,,,,,,,,,,,,,,,,,,,,,,,,,,,,,,,,,,,,,,,102372,
[4695],CONTINENTAL FLOOD BASALT,DECCAN / SOUTHERN DECCAN / WAI SUBGROUP - AMBENALI FORMATION,BHOR-MAHAD SECTION,18.17,18.17,73.92,73.92,SUBAERIAL,,,s BM-14-51 [4695],BASALT [4695],,,,CENOZOIC [4695],,,,,VOLCANIC ROCK,,,,,WHOLE_ROCK [4695] ,233156.57800000004,14024.555999999999,,74994.8667,,,,96540.66,83476.95999999999,40283.07199999999,1394.0244,,2573.465,15875.739800000001,872.8420000000001,,,,,,,,,,,,,,,,,,,,,,,,,,,,,,,,,,,,,,,,,,,,,,456,244,,,,104,193,102,24,,,,,9,210,29,131,8,,,,,,,,,,,,,,,,,,,,,,,,,,,,,,,,,,,,,,,,,,,,,,,,,,,,,,,,,,,,,,,,,,102373,
[4695],CONTINENTAL FLOOD BASALT,DECCAN / SOUTHERN DECCAN / WAI SUBGROUP - AMBENALI FORMATION,BHOR-MAHAD SECTION,18.17,18.17,73.92,73.92,SUBAERIAL,,,s BM-15-51 [4695],BASALT [4695],,,,CENOZOIC [4695],,,,,VOLCANIC ROCK,,,,,WHOLE_ROCK [4695] ,232034.73400000003,16242.114,,73830.5145,,,,110454.33,73328.22,36785.439999999995,1703.8076,,3320.6000000000004,16765.9682,1091.0525,,,,,,,,,,,,,,,,,,,,,,,,,,,,,,,,,,,,,,,,,,,,,,479,90,,,,81,253,124,26,,,,,6,213,38,160,10,,,,,,,,,,,,,62,,,,,,,,,,,,,,,,,,,,,,,,,,,,,,,,,,,,,,,,,,,,,,,,,,,,,102374,
[4695],CONTINENTAL FLOOD BASALT,DECCAN / SOUTHERN DECCAN / WAI SUBGROUP - AMBENALI FORMATION,BHOR-MAHAD SECTION,18.17,18.17,73.92,73.92,SUBAERIAL,,,s BM-16-51 [4695],BASALT [4695],,,,CENOZOIC [4695],,,,,VOLCANIC ROCK,,,,,WHOLE_ROCK [4695] ,229931.2765,14803.698,,72613.2372,,,,110454.33,77259.07,40765.50399999999,1471.4702,,2241.405,16098.2969,916.4841,,,,,,,,,,,,,,,,,,,,,,,,,,,,,,,,,,,,,,,,,,,,,,482,169,,,,103,226,122,24,,,,,4,203,32,143,10,,,,,,,,,,,,,28,,,,,,,,,,,,,,,,,,,,,,,,,,,,,,,,,,,,,,,,,,,,,,,,,,,,,102375,
[4695],CONTINENTAL FLOOD BASALT,DECCAN / SOUTHERN DECCAN / WAI SUBGROUP - AMBENALI FORMATION,KHAMBATKI SECTION,18,18,74.32,74.32,SUBAERIAL,,,s KK-02-51 [4695],BASALT [4695],,,,CENOZOIC [4695],,,,,VOLCANIC ROCK,,,,,WHOLE_ROCK [4695] ,232876.11700000003,13904.687999999998,,75524.1177,,,,96152.01,83262.55,41187.632,1394.0244,,2324.42,15430.6256,872.8420000000001,,,,,,,,,,,,,,,,,,,,,,,,,,,,,,,,,,,,,,,,,,,,,,441,239,,,,108,196,101,23,,,,,4,212,31,132,9,,,,,,,,,,,,,28,,,,,,,,,,,,,,,,,,,,,,,,,,,,,,,,,,,,,,,,,,,,,,,,,,,,,102376,
[4695],CONTINENTAL FLOOD BASALT,DECCAN / SOUTHERN DECCAN / WAI SUBGROUP - AMBENALI FORMATION,KHAMBATKI SECTION,18,18,74.32,74.32,SUBAERIAL,,,s KK-03A-51 [4695],BASALT [4695],,,,CENOZOIC [4695],,,,,VOLCANIC ROCK,,,,,WHOLE_ROCK [4695] ,229978.02000000002,14264.291999999998,,73618.8141,,,,107111.93999999999,79831.99,41247.935999999994,1471.4702,,1743.3149999999998,15653.182699999998,916.4841,,,,,,,,,,,,,,,,,,,,,,,,,,,,,,,,,,,,,,,,,,,,,,469,172,,,,114,212,119,23,,,,,,205,32,136,9,,,,,,,,,,,,,28,,,,,,,,,,,,,,,,,,,,,,,,,,,,,,,,,,,,,,,,,,,,,,,,,,,,,102377,
[4695],CONTINENTAL FLOOD BASALT,DECCAN / SOUTHERN DECCAN / WAI SUBGROUP - AMBENALI FORMATION,KHAMBATKI SECTION,18,18,74.32,74.32,SUBAERIAL,,,s KK-04-51 [4695],BASALT [4695],,,,CENOZOIC [4695],,,,,VOLCANIC ROCK,,,,,WHOLE_ROCK [4695] ,229650.81550000003,15283.169999999998,,73460.03880000001,,,,110221.14,77116.12999999999,39921.248,1471.4702,,2158.39,16172.482600000001,960.1262,,,,,,,,,,,,,,,,,,,,,,,,,,,,,,,,,,,,,,,,,,,,,,468,94,,,,94,218,122,24,,,,,3,209,34,143,10,,,,,,,,,,,,,21,,,,,,,,,,,,,,,,,,,,,,,,,,,,,,,,,,,,,,,,,,,,,,,,,,,,,102378,
[4695],CONTINENTAL FLOOD BASALT,DECCAN / SOUTHERN DECCAN / WAI SUBGROUP - AMBENALI FORMATION,KHAMBATKI SECTION,18,18,74.32,74.32,SUBAERIAL,,,s KK-05-51 [4695],BASALT [4695],,,,CENOZOIC [4695],,,,,VOLCANIC ROCK,,,,,WHOLE_ROCK [4695] ,227220.15350000001,16302.048,,72930.7878,,,,112553.04000000001,79188.76,39378.512,1626.3618,,1494.27,16098.2969,1047.4104,,,,,,,,,,,,,,,,,,,,,,,,,,,,,,,,,,,,,,,,,,,,,,498,144,,,,92,170,125,25,,,,,,214,36,153,11,,,,,,,,,,,,,29,,,,,,,,,,,,,,,,,,,,,,,,,,,,,,,,,,,,,,,,,,,,,,,,,,,,,102379,
[4695],CONTINENTAL FLOOD BASALT,DECCAN / SOUTHERN DECCAN / WAI SUBGROUP - AMBENALI FORMATION,KHAMBATKI SECTION,18,18,74.32,74.32,SUBAERIAL,,,s KK-06-51 [4695],BASALT [4695],,,,CENOZOIC [4695],,,,,VOLCANIC ROCK,,,,,WHOLE_ROCK [4695] ,227594.10150000002,15462.972,,72507.387,,,,109987.95,81261.39,40644.896,1626.3618,,1743.3149999999998,15949.9255,872.8420000000001,,,,,,,,,,,,,,,,,,,,,,,,,,,,,,,,,,,,,,,,,,,,38.08,,415,128,,,,87,207,120,23,,,,,4,214,31,132,10,,,,,,,,,,,,,37,8.83,20.79,,15.6,4.54,1.73,,0.9,,,,,2.85,0.4,,,,,,,,,,,,,0.83,,,,,,,,,,,,,,,,,,,,,,,,,,102380,
[4695],CONTINENTAL FLOOD BASALT,DECCAN / SOUTHERN DECCAN / WAI SUBGROUP - AMBENALI FORMATION,KHAMBATKI SECTION,18,18,74.32,74.32,SUBAERIAL,,,s KK-06-52 [4695],BASALT [4695],,,,CENOZOIC [4695],,,,,VOLCANIC ROCK,,,,,WHOLE_ROCK [4695] ,229978.02000000002,14743.764,,73142.4882,,,,107811.51,79903.45999999999,40102.159999999996,1471.4702,,2075.375,16024.111200000001,960.1262,,,,,,,,,,,,,,,,,,,,,,,,,,,,,,,,,,,,,,,,,,,,,,460,133,,,,92,213,119,24,,,,,3,210,33,138,10,,,,,,,,,,,,,28,,,,,,,,,,,,,,,,,,,,,,,,,,,,,,,,,,,,,,,,,,,,,,,,,,,,,102381,
[4695],CONTINENTAL FLOOD BASALT,DECCAN / SOUTHERN DECCAN / WAI SUBGROUP - AMBENALI FORMATION,KHAMBATKI SECTION,18,18,74.32,74.32,SUBAERIAL,,,s KK-07-51 [4695],BASALT [4695],,,,CENOZOIC [4695],,,,,VOLCANIC ROCK,,,,,WHOLE_ROCK [4695] ,230024.76350000003,16002.377999999999,,71554.7352,,,,111387.09,80689.62999999999,36845.744,1626.3618,,1660.3000000000002,16543.411099999998,1003.7683000000001,,,,,,,,,,,,,,,,,,,,,,,,,,,,,,,,,,,,,,,,,,,,,,470,136,,,,81,194,118,24,,,,,6,226,34,152,12,,,,,,,,,,,,,30,,,,,,,,,,,,,,,,,,,,,,,,,,,,,,,,,,,,,,,,,,,,,,,,,,,,,102382,
[4695],CONTINENTAL FLOOD BASALT,DECCAN / SOUTHERN DECCAN / WAI SUBGROUP - AMBENALI FORMATION,KHAMBATKI SECTION,18,18,74.32,74.32,SUBAERIAL,,,s KK-09-51 [4695],BASALT [4695],,,,CENOZOIC [4695],,,,,VOLCANIC ROCK,,,,,WHOLE_ROCK [4695] ,230819.40300000002,14504.027999999998,,74148.0651,,,,103458.63,81046.98,39378.512,1548.9160000000002,,3071.555,16543.411099999998,916.4841,,,,,,,,,,,,,,,,,,,,,,,,,,,,,,,,,,,,,,,,,,,,,,443,200,,,,108,200,113,23,,,,,9,224,32,140,11,,,,,,,,,,,,,46,,,,,,,,,,,,,,,,,,,,,,,,,,,,,,,,,,,,,,,,,,,,,,,,,,,,,102384,
[4695],CONTINENTAL FLOOD BASALT,DECCAN / SOUTHERN DECCAN / WAI SUBGROUP - AMBENALI FORMATION,KHAMBATKI SECTION,18,18,74.32,74.32,SUBAERIAL,,,s KK-10-51 [4695],BASALT [4695],,,,CENOZOIC [4695],,,,,VOLCANIC ROCK,,,,,WHOLE_ROCK [4695] ,229043.15000000002,14623.895999999999,,74571.4659,,,,105479.61,81189.92,41187.632,1548.9160000000002,,1909.345,15356.439899999998,916.4841,,,,,,,,,,,,,,,,,,,,,,,,,,,,,,,,,,,,,,,,,,,,,,426,191,,,,111,206,109,23,,,,,3,216,30,135,11,,,,,,,,,,,,,38,,,,,,,,,,,,,,,,,,,,,,,,,,,,,,,,,,,,,,,,,,,,,,,,,,,,,102385,
[4695],CONTINENTAL FLOOD BASALT,DECCAN / SOUTHERN DECCAN / WAI SUBGROUP - AMBENALI FORMATION,KHAMBATKI SECTION,18,18,74.32,74.32,SUBAERIAL,,,s KK-11-51 [4695],BASALT [4695],,,,CENOZOIC [4695],,,,,VOLCANIC ROCK,,,,,WHOLE_ROCK [4695] ,228295.25400000004,17560.662,,70602.0834,,,,117372.3,78974.35,35157.231999999996,1626.3618,,1660.3000000000002,16691.7825,1091.0525,,,,,,,,,,,,,,,,,,,,,,,,,,,,,,,,,,,,,,,,,,,,,,498,77,,,,85,234,130,24,,,,,4,226,36,165,13,,,,,,,,,,,,,28,,,,,,,,,,,,,,,,,,,,,,,,,,,,,,,,,,,,,,,,,,,,,,,,,,,,,102386,
[4695],CONTINENTAL FLOOD BASALT,DECCAN / SOUTHERN DECCAN / WAI SUBGROUP - AMBENALI FORMATION,KATRAJ SECTION,18.2,18.2,73.92,73.92,SUBAERIAL,,,s KT-02-51 [4695],BASALT [4695],,,,CENOZOIC [4695],,,,,VOLCANIC ROCK,,,,,WHOLE_ROCK [4695] ,238719.05450000003,11747.063999999998,,75577.0428,,,,86668.95,83191.08,42876.144,1394.0244,,2490.45,15801.5541,785.5577999999999,,,,,,,,,,,,,,,,,,,,,,,,,,,,,,,,,,,,,,,,,,,,,,392,310,,,,114,141,90,21,,,,,4,215,29,132,9,,,,,,,,,,,,,79,,,,,,,,,,,,,,,,,,,,,,,,,,,,,,,,,,,,,,,,,,,,,,,,,,,,,102387,
[4695],CONTINENTAL FLOOD BASALT,DECCAN / SOUTHERN DECCAN / WAI SUBGROUP - AMBENALI FORMATION,KATRAJ SECTION,18.2,18.2,73.92,73.92,SUBAERIAL,,,s KT-03-51 [4695],BASALT [4695],,,,CENOZOIC [4695],,,,,VOLCANIC ROCK,,,,,WHOLE_ROCK [4695] ,236615.597,15882.509999999998,,67214.877,,,,119548.74,72184.7,31538.992000000002,1781.2534,,3569.645,17878.7537,1091.0525,,,,,,,,,,,,,,,,,,,,,,,,,,,,,,,,,,,,,,,,,,,,,,514,64,,,,52,326,133,26,,,,,8,205,39,174,11,,,,,,,,,,,,,83,,,,,,,,,,,,,,,,,,,,,,,,,,,,,,,,,,,,,,,,,,,,,,,,,,,,,102388,
[4695],CONTINENTAL FLOOD BASALT,DECCAN / SOUTHERN DECCAN / WAI SUBGROUP - AMBENALI FORMATION,KATRAJ SECTION,18.2,18.2,73.92,73.92,SUBAERIAL,,,s KT-04-51 [4695],BASALT [4695],,,,CENOZOIC [4695],,,,,VOLCANIC ROCK,,,,,WHOLE_ROCK [4695] ,239233.233,13664.951999999997,,76900.1703,,,,89389.5,79903.45999999999,37991.52,1394.0244,,2407.435,17359.4538,960.1262,,,,,,,,,,,,,,,,,,,,,,,,,,,,,,,,,,,,,,,,,,,,,,435,261,,,,105,197,99,24,,,,,10,229,33,151,11,,,,,,,,,,,,,68,,,,,,,,,,,,,,,,,,,,,,,,,,,,,,,,,,,,,,,,,,,,,,,,,,,,,102389,
[4695],CONTINENTAL FLOOD BASALT,DECCAN / SOUTHERN DECCAN / WAI SUBGROUP - AMBENALI FORMATION,KATRAJ SECTION,18.2,18.2,73.92,73.92,SUBAERIAL,,,s KT-05-51 [4695],BASALT [4695],,,,CENOZOIC [4695],,,,,VOLCANIC ROCK,,,,,WHOLE_ROCK [4695] ,233109.8345,12346.404,,74042.2149,,,,97706.61,85764,41127.328,1394.0244,,1743.3149999999998,15653.182699999998,829.1999000000001,,,,,,,,,,,,,,,,,,,,,,,,,,,,,,,,,,,,,,,,,,,,,,435,178,,,,94,174,103,23,,,,,2,208,29,123,7,,,,,,,,,,,,,27,,,,,,,,,,,,,,,,,,,,,,,,,,,,,,,,,,,,,,,,,,,,,,,,,,,,,102390,
[4695],CONTINENTAL FLOOD BASALT,DECCAN / SOUTHERN DECCAN / WAI SUBGROUP - AMBENALI FORMATION,KATRAJ SECTION,18.2,18.2,73.92,73.92,SUBAERIAL,,,s KT-06-51 [4695],BASALT [4695],,,,CENOZOIC [4695],,,,,VOLCANIC ROCK,,,,,WHOLE_ROCK [4695] ,233764.2435,12286.469999999998,,74836.0914,,,,98483.91,84906.36,39680.032,1471.4702,,1577.285,15653.182699999998,785.5577999999999,,,,,,,,,,,,,,,,,,,,,,,,,,,,,,,,,,,,,,,,,,,,,,413,121,,,,92,185,102,21,,,,,2,211,30,127,8,,,,,,,,,,,,,29,,,,,,,,,,,,,,,,,,,,,,,,,,,,,,,,,,,,,,,,,,,,,,,,,,,,,102391,
[4695],CONTINENTAL FLOOD BASALT,DECCAN / SOUTHERN DECCAN / WAI SUBGROUP - AMBENALI FORMATION,KATRAJ SECTION,18.2,18.2,73.92,73.92,SUBAERIAL,,,s KT-07-51 [4695],BASALT [4695],,,,CENOZOIC [4695],,,,,VOLCANIC ROCK,,,,,WHOLE_ROCK [4695] ,231427.06850000002,13904.687999999998,,73354.1886,,,,104391.39,83191.08,39378.512,1471.4702,,1245.225,16024.111200000001,916.4841,,,,,,,,,,,,,,,,,,,,,,,,,,,,,,,,,,,,,,,,,,,,,,462,124,,,,93,210,111,24,,,,,,215,31,132,10,,,,,,,,,,,,,31,,,,,,,,,,,,,,,,,,,,,,,,,,,,,,,,,,,,,,,,,,,,,,,,,,,,,102392,
[4695],CONTINENTAL FLOOD BASALT,DECCAN / SOUTHERN DECCAN / WAI SUBGROUP - AMBENALI FORMATION,KATRAJ SECTION,18.2,18.2,73.92,73.92,SUBAERIAL,,,s KT-09-51 [4695],BASALT [4695],,,,CENOZOIC [4695],,,,,VOLCANIC ROCK,,,,,WHOLE_ROCK [4695] ,231614.0425,15103.367999999999,,73460.03880000001,,,,104313.66,80618.15999999999,39438.816,1626.3618,,1411.255,16320.854000000001,1003.7683000000001,,,,,,,,,,,,,,,,,,,,,,,,,,,,,,,,,,,,,,,,,,,,,,482,153,,,,101,226,118,23,,,,,3,222,33,146,10,,,,,,,,,,,,,26,,,,,,,,,,,,,,,,,,,,,,,,,,,,,,,,,,,,,,,,,,,,,,,,,,,,,102393,
[4695],CONTINENTAL FLOOD BASALT,DECCAN / SOUTHERN DECCAN / WAI SUBGROUP - AMBENALI FORMATION,KATRAJ SECTION,18.2,18.2,73.92,73.92,SUBAERIAL,,,s KT-10-51 [4695],BASALT [4695],,,,CENOZOIC [4695],,,,,VOLCANIC ROCK,,,,,WHOLE_ROCK [4695] ,232221.708,17860.332,,72983.7129,,,,104702.31000000001,80189.34000000001,36122.096,1471.4702,,1494.27,16469.2254,1221.9788,,,,,,,,,,,,,,,,,,,,,,,,,,,,,,,,,,,,,,,,,,,,,,542,167,,,,97,279,120,25,,,,,5,224,40,191,13,,,,,,,,,,,,,20,,,,,,,,,,,,,,,,,,,,,,,,,,,,,,,,,,,,,,,,,,,,,,,,,,,,,102394,
[4695],CONTINENTAL FLOOD BASALT,DECCAN / SOUTHERN DECCAN / WAI SUBGROUP - AMBENALI FORMATION,KATRAJ SECTION,18.2,18.2,73.92,73.92,SUBAERIAL,,,s KT-11-51 [4695],BASALT [4695],,,,CENOZOIC [4695],,,,,VOLCANIC ROCK,,,,,WHOLE_ROCK [4695] ,232455.4255,17560.662,,72401.5368,,,,109987.95,76758.78,35157.231999999996,1471.4702,,2158.39,16469.2254,1178.3367,,,,,,,,,,,,,,,,,,,,,,,,,,,,,,,,,,,,,,,,,,,,,,530,130,,,,80,271,122,25,,,,,3,219,39,178,12,,,,,,,,,,,,,18,,,,,,,,,,,,,,,,,,,,,,,,,,,,,,,,,,,,,,,,,,,,,,,,,,,,,102395,
[4695],CONTINENTAL FLOOD BASALT,DECCAN / SOUTHERN DECCAN / KALSUBAI SUBGROUP - THAKURVADI FORMATION,ALIBAG-KHOPOLI SECTION,18.63,18.63,72.92,72.92,SUBAERIAL,,,s AK-01-51 [4695],BASALT [4695],,,,CENOZOIC [4695],,,,,VOLCANIC ROCK,,,,,WHOLE_ROCK [4695] ,240588.79450000002,10907.988,,71607.6603,,,,94830.59999999999,75114.97,44805.871999999996,1316.5786,,4814.87,15727.3684,741.9157,,,,,,,,,,,,,,,,,,,,,,,,,,,,,,,,,,,,,,,,,,,,,,315,369,,,,159,159,96,21,,,,,16,193,31,135,7,,,,,,,,,,,,,97,,,,,,,,,,,,,,,,,,,,,,,,,,,,,,,,,,,,,,,,,,,,,,,,,,,,,102396,
[4695],CONTINENTAL FLOOD BASALT,DECCAN / SOUTHERN DECCAN / KALSUBAI SUBGROUP - THAKURVADI FORMATION,ALIBAG-KHOPOLI SECTION,18.63,18.63,72.92,72.92,SUBAERIAL,,,s AK-02-51 [4695],BASALT [4695],,,,CENOZOIC [4695],,,,,VOLCANIC ROCK,,,,,WHOLE_ROCK [4695] ,241336.69050000003,11087.789999999999,,71131.3344,,,,96074.28,74900.56,44263.136,1394.0244,,3237.585,15949.9255,785.5577999999999,,,,,,,,,,,,,,,,,,,,,,,,,,,,,,,,,,,,,,,,,,,,,,313,343,,,,155,160,92,21,,,,,5,200,33,140,8,,,,,,,,,,,,,81,,,,,,,,,,,,,,,,,,,,,,,,,,,,,,,,,,,,,,,,,,,,,,,,,,,,,102397,
[4695],CONTINENTAL FLOOD BASALT,DECCAN / SOUTHERN DECCAN / KALSUBAI SUBGROUP - THAKURVADI FORMATION,ALIBAG-KHOPOLI SECTION,18.63,18.63,72.92,72.92,SUBAERIAL,,,s AK-03-51 [4695],BASALT [4695],,,,CENOZOIC [4695],,,,,VOLCANIC ROCK,,,,,WHOLE_ROCK [4695] ,240121.35950000002,11147.724,,71660.5854,,,,95841.09,76258.49,44805.871999999996,1394.0244,,2324.42,16024.111200000001,785.5577999999999,,,,,,,,,,,,,,,,,,,,,,,,,,,,,,,,,,,,,,,,,,,,,,334,346,,,,158,185,93,22,,,,,6,202,32,142,9,,,,,,,,,,,,,80,,,,,,,,,,,,,,,,,,,,,,,,,,,,,,,,,,,,,,,,,,,,,,,,,,,,,102398,
[4695],CONTINENTAL FLOOD BASALT,DECCAN / SOUTHERN DECCAN / KALSUBAI SUBGROUP - THAKURVADI FORMATION,BAR-GHAT SECTION,18.93,18.93,73.92,73.92,SUBAERIAL,,,s BH-01 [4695],BASALT [4695],,,,CENOZOIC [4695],,,,,VOLCANIC ROCK,,,,,WHOLE_ROCK [4695] ,239794.155,11087.789999999999,,68061.6786,,,,89622.68999999999,80546.69,51379.007999999994,1006.7954,,5229.945,12834.1261,785.5577999999999,,,,,,,,,,,,,,,,,,,,,,,,,,,,,,,,,,,,,,,,,,,,,,314,342,,,,118,111,86,18,,,,,11,216,25,117,8,,,,,,,,,,,,,142,,,,,,,,,,,,,,,,,,,,,,,,,,,,,,,,,,,,,,,,,,,,,,,,,,,,,102399,
[4695],CONTINENTAL FLOOD BASALT,DECCAN / SOUTHERN DECCAN / KALSUBAI SUBGROUP - THAKURVADI FORMATION,BAR-GHAT SECTION,18.93,18.93,73.92,73.92,SUBAERIAL,,,s BH-03 [4695],BASALT [4695],,,,CENOZOIC [4695],,,,,VOLCANIC ROCK,,,,,WHOLE_ROCK [4695] ,231894.50350000002,11507.328,,70072.8324,,,,97628.88,82762.26,49750.799999999996,1239.1328,,5146.93,13946.9116,785.5577999999999,,,,,,,,,,,,,,,,,,,,,,,,,,,,,,,,,,,,,,,,,,,,,,348,445,,,,142,129,87,16,,,,,13,232,25,113,8,,,,,,,,,,,,,91,,,,,,,,,,,,,,,,,,,,,,,,,,,,,,,,,,,,,,,,,,,,,,,,,,,,,102400,
[4695],CONTINENTAL FLOOD BASALT,DECCAN / SOUTHERN DECCAN / KALSUBAI SUBGROUP - THAKURVADI FORMATION,BAR-GHAT SECTION,18.93,18.93,73.92,73.92,SUBAERIAL,,,s BH-04 [4695],BASALT [4695],,,,CENOZOIC [4695],,,,,VOLCANIC ROCK,,,,,WHOLE_ROCK [4695] ,242037.84300000002,8270.891999999998,,69120.1806,,,,84803.43000000001,74757.62000000001,57891.84,1316.5786,,3403.615,15430.6256,654.6315,,,,,,,,,,,,,,,,,,,,,,,,,,,,,,,,,,,,,,,,,,,,,,274,328,,,,172,105,75,17,,,,,5,303,18,109,9,,,,,,,,,,,,,156,,,,,,,,,,,,,,,,,,,,,,,,,,,,,,,,,,,,,,,,,,,,,,,,,,,,,102401,
[4695],CONTINENTAL FLOOD BASALT,DECCAN / SOUTHERN DECCAN / KALSUBAI SUBGROUP - THAKURVADI FORMATION,BAR-GHAT SECTION,18.93,18.93,73.92,73.92,SUBAERIAL,,,s BH-05 [4695],BASALT [4695],,,,CENOZOIC [4695],,,,,VOLCANIC ROCK,,,,,WHOLE_ROCK [4695] ,249750.5205,8990.099999999999,,74465.61570000001,,,,83715.20999999999,69040.02,43780.704,1239.1328,,5478.990000000001,17285.2681,698.2736,,,,,,,,,,,,,,,,,,,,,,,,,,,,,,,,,,,,,,,,,,,,,,304,191,,,,107,121,78,16,,,,,14,341,21,122,8,,,,,,,,,,,,,173,,,,,,,,,,,,,,,,,,,,,,,,,,,,,,,,,,,,,,,,,,,,,,,,,,,,,102402,
[4695],CONTINENTAL FLOOD BASALT,DECCAN / SOUTHERN DECCAN / KALSUBAI SUBGROUP - THAKURVADI FORMATION,BAR-GHAT SECTION,18.93,18.93,73.92,73.92,SUBAERIAL,,,s BH-06 [4695],BASALT [4695],,,,CENOZOIC [4695],,,,,VOLCANIC ROCK,,,,,WHOLE_ROCK [4695] ,246244.75800000003,6652.674,,48744.017100000005,,,,81771.95999999999,87765.15999999999,72545.71199999998,1239.1328,,4067.735,10534.3694,436.42100000000005,,,,,,,,,,,,,,,,,,,,,,,,,,,,,,,,,,,,,,,,,,,,,,296,1481,,,,298,95,67,14,,,,,12,198,16,76,6,,,,,,,,,,,,,142,,,,,,,,,,,,,,,,,,,,,,,,,,,,,,,,,,,,,,,,,,,,,,,,,,,,,102403,
[4695],CONTINENTAL FLOOD BASALT,DECCAN / SOUTHERN DECCAN / KALSUBAI SUBGROUP - THAKURVADI FORMATION,BAR-GHAT SECTION,18.93,18.93,73.92,73.92,SUBAERIAL,,,s BH-07 [4695],BASALT [4695],,,,CENOZOIC [4695],,,,,VOLCANIC ROCK,,,,,WHOLE_ROCK [4695] ,233343.55200000003,11027.856,,78223.2978,,,,90866.37,81976.09000000001,45107.392,1084.2412000000002,,3320.6000000000004,15578.997,785.5577999999999,,,,,,,,,,,,,,,,,,,,,,,,,,,,,,,,,,,,,,,,,,,,,,300,283,,,,129,77,83,17,,,,,4,274,27,139,10,,,,,,,,,,,,,128,,,,,,,,,,,,,,,,,,,,,,,,,,,,,,,,,,,,,,,,,,,,,,,,,,,,,102404,
[4695],CONTINENTAL FLOOD BASALT,DECCAN / SOUTHERN DECCAN / KALSUBAI SUBGROUP - THAKURVADI FORMATION,BAR-GHAT SECTION,18.93,18.93,73.92,73.92,SUBAERIAL,,,s BH-08 [4695],BASALT [4695],,,,CENOZOIC [4695],,,,,VOLCANIC ROCK,,,,,WHOLE_ROCK [4695] ,235867.70100000003,13784.819999999998,,70231.60770000001,,,,101282.18999999999,72327.64,44866.176,1394.0244,,5894.065,16840.1539,960.1262,,,,,,,,,,,,,,,,,,,,,,,,,,,,,,,,,,,,,,,,,,,,,,339,329,,,,181,179,99,22,,,,,20,257,30,147,11,,,,,,,,,,,,,155,,,,,,,,,,,,,,,,,,,,,,,,,,,,,,,,,,,,,,,,,,,,,,,,,,,,,102405,
[4695],CONTINENTAL FLOOD BASALT,DECCAN / SOUTHERN DECCAN / BIMASHANKAR FORMATION,BAR-GHAT SECTION,18.93,18.93,73.92,73.92,SUBAERIAL,,,s BH-09 [4695],BASALT [4695],,,,CENOZOIC [4695],,,,,VOLCANIC ROCK,,,,,WHOLE_ROCK [4695] ,237690.69750000004,13245.413999999999,,82774.8564,,,,91410.48,73899.98,32443.551999999996,1161.687,,7969.44,18398.0536,1003.7683000000001,,,,,,,,,,,,,,,,,,,,,,,,,,,,,,,,,,,,,,,,,,,,,,352,159,,,,78,178,90,21,,,,,32,311,29,152,12,,,,,,,,,,,,,142,,,,,,,,,,,,,,,,,,,,,,,,,,,,,,,,,,,,,,,,,,,,,,,,,,,,,102406,
[4695],CONTINENTAL FLOOD BASALT,DECCAN / SOUTHERN DECCAN / BIMASHANKAR FORMATION,BAR-GHAT SECTION,18.93,18.93,73.92,73.92,SUBAERIAL,,,s BH-10 [4695],BASALT [4695],,,,CENOZOIC [4695],,,,,VOLCANIC ROCK,,,,,WHOLE_ROCK [4695] ,234745.85700000002,13485.15,,82298.53050000001,,,,92498.7,78545.53,35277.84,1239.1328,,4565.825000000001,17136.8967,960.1262,,,,,,,,,,,,,,,,,,,,,,,,,,,,,,,,,,,,,,,,,,,,,,384,195,,,,99,190,92,20,,,,,24,263,29,149,11,,,,,,,,,,,,,70,,,,,,,,,,,,,,,,,,,,,,,,,,,,,,,,,,,,,,,,,,,,,,,,,,,,,102407,
[4695],CONTINENTAL FLOOD BASALT,DECCAN / SOUTHERN DECCAN / LONAVALA SUBGROUP - KHANDALA FORMATION,BAR-GHAT SECTION,18.93,18.93,73.92,73.92,SUBAERIAL,,,s BH-12 [4695],BASALT [4695],,,,CENOZOIC [4695],,,,,VOLCANIC ROCK,,,,,WHOLE_ROCK [4695] ,236288.39250000002,17141.124,,81292.9536,,,,104313.66,67396.20999999999,25629.199999999997,1239.1328,,7969.44,19955.953299999997,1396.5472,,,,,,,,,,,,,,,,,,,,,,,,,,,,,,,,,,,,,,,,,,,,,,379,104,,,,65,249,103,20,,,,,27,290,38,223,15,,,,,,,,,,,,,286,,,,,,,,,,,,,,,,,,,,,,,,,,,,,,,,,,,,,,,,,,,,,,,,,,,,,102408,
[4695],CONTINENTAL FLOOD BASALT,DECCAN / SOUTHERN DECCAN / LONAVALA SUBGROUP - KHANDALA FORMATION,BAR-GHAT SECTION,18.93,18.93,73.92,73.92,SUBAERIAL,,,s BH-13 [4695],BASALT [4695],,,,CENOZOIC [4695],,,,,VOLCANIC ROCK,,,,,WHOLE_ROCK [4695] ,223994.852,9469.572,,89972.67,,,,103458.63,79689.05,35639.664,1316.5786,,2988.54,18101.3108,698.2736,,,,,,,,,,,,,,,,,,,,,,,,,,,,,,,,,,,,,,,,,,,,,,264,78,,,,147,168,105,22,,,,,4,222,30,106,5,,,,,,,,,,,,,182,,,,,,,,,,,,,,,,,,,,,,,,,,,,,,,,,,,,,,,,,,,,,,,,,,,,,102409,
[4695],CONTINENTAL FLOOD BASALT,DECCAN / SOUTHERN DECCAN / LONAVALA SUBGROUP - KHANDALA FORMATION,BAR-GHAT SECTION,18.93,18.93,73.92,73.92,SUBAERIAL,,,s BH-14 [4695],BASALT [4695],,,,CENOZOIC [4695],,,,,VOLCANIC ROCK,,,,,WHOLE_ROCK [4695] ,227827.81900000002,6532.8060000000005,,77270.64600000001,,,,98095.26,77616.42,56263.632,1316.5786,,5562.005,13353.426,523.7052,,,,,,,,,,,,,,,,,,,,,,,,,,,,,,,,,,,,,,,,,,,,,,269,500,,,,221,92,88,23,,,,,19,180,22,76,4,,,,,,,,,,,,,176,,,,,,,,,,,,,,,,,,,,,,,,,,,,,,,,,,,,,,,,,,,,,,,,,,,,,102410,
[4695],CONTINENTAL FLOOD BASALT,DECCAN / SOUTHERN DECCAN / LONAVALA SUBGROUP - KHANDALA FORMATION,BAR-GHAT SECTION,18.93,18.93,73.92,73.92,SUBAERIAL,,,s BH-15 [4695],BASALT [4695],,,,CENOZOIC [4695],,,,,VOLCANIC ROCK,,,,,WHOLE_ROCK [4695] ,237784.1845,14324.226,,74677.3161,,,,118227.33,67038.86,24845.248,1316.5786,,6973.259999999999,19733.3962,1091.0525,,,,,,,,,,,,,,,,,,,,,,,,,,,,,,,,,,,,,,,,,,,,,,399,59,,,,56,210,123,22,,,,,20,274,35,173,10,,,,,,,,,,,,,225,,,,,,,,,,,,,,,,,,,,,,,,,,,,,,,,,,,,,,,,,,,,,,,,,,,,,102411,
[4695],CONTINENTAL FLOOD BASALT,DECCAN / SOUTHERN DECCAN / LONAVALA SUBGROUP - KHANDALA FORMATION,BAR-GHAT SECTION,18.93,18.93,73.92,73.92,SUBAERIAL,,,s BH-16-51 [4695],BASALT [4695],,,,CENOZOIC [4695],,,,,VOLCANIC ROCK,,,,,WHOLE_ROCK [4695] ,235961.188,15343.104,,75577.0428,,,,114884.93999999999,67253.27,27739.839999999997,1394.0244,,7056.275,19288.282,1134.6946,,,,,,,,,,,,,,,,,,,,,,,,,,,,,,,,,,,,,,,,,,,,,,399,47,,,,54,167,112,23,,,,,23,276,38,182,12,,,,,,,,,,,,,276,,,,,,,,,,,,,,,,,,,,,,,,,,,,,,,,,,,,,,,,,,,,,,,,,,,,,102412,
[4695],CONTINENTAL FLOOD BASALT,DECCAN / SOUTHERN DECCAN / LONAVALA SUBGROUP - KHANDALA FORMATION,BAR-GHAT SECTION,18.93,18.93,73.92,73.92,SUBAERIAL,,,s BH-16-52 [4695],BASALT [4695],,,,CENOZOIC [4695],,,,,VOLCANIC ROCK,,,,,WHOLE_ROCK [4695] ,236942.8015,16481.85,,73089.5631,,,,115584.51,66181.22,27981.055999999997,1471.4702,,7388.335,19436.6534,1221.9788,,,,,,,,,,,,,,,,,,,,,,,,,,,,,,,,,,,,,,,,,,,,,,437,48,,,,49,151,116,21,,,,,24,266,40,198,13,,,,,,,,,,,,,286,,,,,,,,,,,,,,,,,,,,,,,,,,,,,,,,,,,,,,,,,,,,,,,,,,,,,102413,
[4695],CONTINENTAL FLOOD BASALT,DECCAN / SOUTHERN DECCAN / KALSUBAI SUBGROUP - IGATPURI-JAWHAR FORMATION,IGATPURI SECTION,19.68,19.68,73.63,73.63,SUBAERIAL,,,s IG-04 [4695],BASALT [4695],,,,CENOZOIC [4695],,,,,VOLCANIC ROCK,,,,,WHOLE_ROCK [4695] ,237410.23650000003,19718.286,,67320.72720000001,,,,119315.55,64323,28825.311999999998,1781.2534,,8301.5,18917.353499999997,1265.6209,,,,,,,,,,,,,,,,,,,,,,,,,,,,,,,,,,,,,,,,,,,,,,490,59,,,,41,182,122,25,,,,,22,256,39,223,15,,,,,,,,,,,,,252,,,,,,,,,,,,,,,,,,,,,,,,,,,,,,,,,,,,,,,,,,,,,,,,,,,,,102417,
[4695],CONTINENTAL FLOOD BASALT,DECCAN / SOUTHERN DECCAN / KALSUBAI SUBGROUP - IGATPURI-JAWHAR FORMATION,IGATPURI SECTION,19.68,19.68,73.63,73.63,SUBAERIAL,,,s IG-05 [4695],BASALT [4695],,,,CENOZOIC [4695],,,,,VOLCANIC ROCK,,,,,WHOLE_ROCK [4695] ,233109.8345,17560.662,,67532.4276,,,,120248.31000000001,70469.42,32624.464,1703.8076,,5645.02,18768.982099999997,1178.3367,,,,,,,,,,,,,,,,,,,,,,,,,,,,,,,,,,,,,,,,,,,,,,446,83,,,,57,131,112,25,,,,,12,282,35,208,15,,,,,,,,,,,,,263,,,,,,,,,,,,,,,,,,,,,,,,,,,,,,,,,,,,,,,,,,,,,,,,,,,,,102418,
[4695],CONTINENTAL FLOOD BASALT,DECCAN / SOUTHERN DECCAN / KALSUBAI SUBGROUP - IGATPURI-JAWHAR FORMATION,IGATPURI SECTION,19.68,19.68,73.63,73.63,SUBAERIAL,,,s IG-06 [4695],BASALT [4695],,,,CENOZOIC [4695],,,,,VOLCANIC ROCK,,,,,WHOLE_ROCK [4695] ,237223.2625,20857.032,,75418.2675,,,,110609.79000000001,62536.25,23518.559999999998,1471.4702,,11373.055,20401.067499999997,1440.1893,,,,,,,,,,,,,,,,,,,,,,,,,,,,,,,,,,,,,,,,,,,,,,413,67,,,,40,197,122,27,,,,,55,237,48,312,21,,,,,,,,,,,,,362,,,,,,,,,,,,,,,,,,,,,,,,,,,,,,,,,,,,,,,,,,,,,,,,,,,,,102419,
[4695],CONTINENTAL FLOOD BASALT,DECCAN / SOUTHERN DECCAN / KALSUBAI SUBGROUP - IGATPURI-JAWHAR FORMATION,IGATPURI SECTION,19.68,19.68,73.63,73.63,SUBAERIAL,,,s IG-07 [4695],BASALT [4695],,,,CENOZOIC [4695],,,,,VOLCANIC ROCK,,,,,WHOLE_ROCK [4695] ,233203.32150000002,10308.648,,81822.20460000001,,,,100738.08,77259.07,35639.664,1548.9160000000002,,4150.75,17730.3823,698.2736,,,,,,,,,,,,,,,,,,,,,,,,,,,,,,,,,,,,,,,,,,,,,,268,149,,,,90,157,81,22,,,,,7,199,31,115,7,,,,,,,,,,,,,260,,,,,,,,,,,,,,,,,,,,,,,,,,,,,,,,,,,,,,,,,,,,,,,,,,,,,102420,
[4695],CONTINENTAL FLOOD BASALT,DECCAN / SOUTHERN DECCAN / KALSUBAI SUBGROUP - IGATPURI-JAWHAR FORMATION,IGATPURI SECTION,19.68,19.68,73.63,73.63,SUBAERIAL,,,s IG-11 [4695],BASALT [4695],,,,CENOZOIC [4695],,,,,VOLCANIC ROCK,,,,,WHOLE_ROCK [4695] ,242925.9695,12586.14,,71184.2595,,,,97939.8,72756.45999999999,34614.496,1394.0244,,8135.47,19214.096299999997,916.4841,,,,,,,,,,,,,,,,,,,,,,,,,,,,,,,,,,,,,,,,,,,,,,324,114,,,,76,67,86,24,,,,,27,237,33,189,10,,,,,,,,,,,,,237,,,,,,,,,,,,,,,,,,,,,,,,,,,,,,,,,,,,,,,,,,,,,,,,,,,,,102424,
[4695],CONTINENTAL FLOOD BASALT,DECCAN / SOUTHERN DECCAN / KALSUBAI SUBGROUP - IGATPURI-JAWHAR FORMATION,IGATPURI SECTION,19.68,19.68,73.63,73.63,SUBAERIAL,,,s IG-13 [4695],BASALT [4695],,,,CENOZOIC [4695],,,,,VOLCANIC ROCK,,,,,WHOLE_ROCK [4695] ,238158.13250000004,13185.48,,72824.9376,,,,101981.76,72041.76,36483.92,1394.0244,,6309.14,19881.7676,960.1262,,,,,,,,,,,,,,,,,,,,,,,,,,,,,,,,,,,,,,,,,,,,,,369,97,,,,59,60,87,23,,,,,17,232,34,187,10,,,,,,,,,,,,,216,,,,,,,,,,,,,,,,,,,,,,,,,,,,,,,,,,,,,,,,,,,,,,,,,,,,,102426,
[4695],CONTINENTAL FLOOD BASALT,DECCAN / SOUTHERN DECCAN / KALSUBAI SUBGROUP - IGATPURI-JAWHAR FORMATION,IGATPURI SECTION,19.68,19.68,73.63,73.63,SUBAERIAL,,,s IG-14 [4695],BASALT [4695],,,,CENOZOIC [4695],,,,,VOLCANIC ROCK,,,,,WHOLE_ROCK [4695] ,239139.746,12706.008,,74571.4659,,,,98561.64,73042.34000000001,35277.84,1394.0244,,6309.14,20252.696099999997,916.4841,,,,,,,,,,,,,,,,,,,,,,,,,,,,,,,,,,,,,,,,,,,,,,332,93,,,,65,50,81,24,,,,,15,240,30,173,9,,,,,,,,,,,,,207,,,,,,,,,,,,,,,,,,,,,,,,,,,,,,,,,,,,,,,,,,,,,,,,,,,,,102427,
[4695],CONTINENTAL FLOOD BASALT,DECCAN / SOUTHERN DECCAN / WAI SUBGROUP - MAHABALESHWAR FORMATION,AMBOLI SECTION,16,16,74.2,74.2,SUBAERIAL,,,s AB02-21 [4695],BASALT [4695],,,,CENOZOIC [4695],,,,,VOLCANIC ROCK,,,,,WHOLE_ROCK [4695] ,230632.42900000003,18339.804,,70760.8587,,,,111853.47,74042.92,38112.128,1781.2534,,2656.48,17804.568,960.1262,,,,,,,,,,,,,,,,,,,,,,,,,,,,,,,,,,,,,,,,,,,,,,,,,,,,,,,,,,,,,,,,,,,,,,,,,,,,,,,,,,,,,,,,,,,,,,,,,,,,,,,,,,,,,,,,,,,,,,,,,,,,,,,,,102430,
[4695],CONTINENTAL FLOOD BASALT,DECCAN / SOUTHERN DECCAN / WAI SUBGROUP - MAHABALESHWAR FORMATION,AMBOLI SECTION,16,16,74.2,74.2,SUBAERIAL,,,s AB03-61 [4695],BASALT [4695],,,,CENOZOIC [4695],,,,,VOLCANIC ROCK,,,,,WHOLE_ROCK [4695] ,229463.84150000004,22115.645999999997,,63721.8204,,,,122580.20999999999,70469.42,36604.528,2555.7114,,3569.645,18175.4965,1178.3367,,,,,,,,,,,,,,,,,,,,,,,,,,,,,,,,,,,,,,,,,,,,,,,,,,,,,,,,,,,,,,,,,,,,,,,,,,,,,,,,,,,,,,,,,,,,,,,,,,,,,,,,,,,,,,,,,,,,,,,,,,,,,,,,,102431,
[4695],CONTINENTAL FLOOD BASALT,DECCAN / SOUTHERN DECCAN / WAI SUBGROUP - MAHABALESHWAR FORMATION,AMBOLI SECTION,16,16,74.2,74.2,SUBAERIAL,,,s AB04-22 [4695],BASALT [4695],,,,CENOZOIC [4695],,,,,VOLCANIC ROCK,,,,,WHOLE_ROCK [4695] ,227874.56250000003,18939.144,,71925.2109,,,,117838.68000000001,72827.93,34976.32,1626.3618,,3818.69,17878.7537,1178.3367,,,,,,,,,,,,,,,,,,,,,,,,,,,,,,,,,,,,,,,,,,,,,,,,,,,,,,,,,,,,,,,,,,,,,,,,,,,,,,,,,,,,,,,,,,,,,,,,,,,,,,,,,,,,,,,,,,,,,,,,,,,,,,,,,102433,
[4695],CONTINENTAL FLOOD BASALT,DECCAN / SOUTHERN DECCAN / WAI SUBGROUP - MAHABALESHWAR FORMATION,AMBOLI SECTION,16,16,74.2,74.2,SUBAERIAL,,,s AB04-23 [4695],BASALT [4695],,,,CENOZOIC [4695],,,,,VOLCANIC ROCK,,,,,WHOLE_ROCK [4695] ,232268.4515,21156.701999999997,,74412.6906,,,,98017.53,79831.99,33227.50399999999,1936.145,,4067.735,17952.9394,1265.6209,,,,,,,,,,,,,,,,,,,,,,,,,,,,,,,,,,,,,,,,,,,,,,,,,,,,,,,,,,,,,,,,,,,,,,,,,,,,,,,,,,,,,,,,,,,,,,,,,,,,,,,,,,,,,,,,,,,,,,,,,,,,,,,,,102434,
[4695],CONTINENTAL FLOOD BASALT,DECCAN / SOUTHERN DECCAN / WAI SUBGROUP - MAHABALESHWAR FORMATION,AMBOLI SECTION,16,16,74.2,74.2,SUBAERIAL,,,s AB04-25 [4695],BASALT [4695],,,,CENOZOIC [4695],,,,,VOLCANIC ROCK,,,,,WHOLE_ROCK [4695] ,227266.897,22714.985999999997,,71025.4842,,,,118771.43999999999,74257.33,31358.079999999998,1703.8076,,4980.9,16543.411099999998,1178.3367,,,,,,,,,,,,,,,,,,,,,,,,,,,,,,,,,,,,,,,,,,,,,,,,,,,,,,,,,,,,,,,,,,,,,,,,,,,,,,,,,,,,,,,,,,,,,,,,,,,,,,,,,,,,,,,,,,,,,,,,,,,,,,,,,102436,
[4695],CONTINENTAL FLOOD BASALT,DECCAN / SOUTHERN DECCAN / WAI SUBGROUP - PANHALA FORMATION,AMBOLI SECTION,16,16,74.2,74.2,SUBAERIAL,,,s AB05-21 [4695],BASALT [4695],,,,CENOZOIC [4695],,,,,VOLCANIC ROCK,,,,,WHOLE_ROCK [4695] ,231660.78600000002,11687.13,,83886.2835,,,,100271.7,78831.40999999999,35338.144,1394.0244,,2075.375,17211.0824,436.42100000000005,,,,,,,,,,,,,,,,,,,,,,,,,,,,,,,,,,,,,,,,,,,,,,,,,,,,,,,,,,,,,,,,,,,,,,,,,,,,,,,,,,,,,,,,,,,,,,,,,,,,,,,,,,,,,,,,,,,,,,,,,,,,,,,,,102437,
[4695],CONTINENTAL FLOOD BASALT,DECCAN / NORTHERN DECCAN / SHARADA-TORANMAL FORMATION,SHARADA-TORANMAL SECTION,22,22,74.5,74.5,SUBAERIAL,,,s ST-1 [4695],BASALT [4695],,,,CENOZOIC [4695],,,,,VOLCANIC ROCK,,,,,WHOLE_ROCK [4695] ,238719.05450000003,16421.916,,71078.4093,,,,104624.58,71470,27679.535999999996,1703.8076,,5146.93,24629.6524,2400.3155,,,,,,,,,,,,,,,,,,,,,,,,,,,,,,,,,,,,,,,,,,,,,,382,107,,,,68,232,110,18,,,,,14,268,42,119,12,,,,,,,,,,,,,89,,,,,,,,,,,,,,,,,,,,,,,,,,,,,,,,,,,,,,,,,,,,,,,,,,,,,102438,
[4695],CONTINENTAL FLOOD BASALT,DECCAN / NORTHERN DECCAN / SHARADA-TORANMAL FORMATION,SHARADA-TORANMAL SECTION,22,22,74.5,74.5,SUBAERIAL,,,s ST-2 [4695],BASALT [4695],,,,CENOZOIC [4695],,,,,VOLCANIC ROCK,,,,,WHOLE_ROCK [4695] ,242925.9695,5933.465999999999,,80075.6763,,,,80061.90000000001,76472.9,40403.68,1239.1328,,6392.155,23591.0526,436.42100000000005,,,,,,,,,,,,,,,,,,,,,,,,,,,,,,,,,,,,,,,,,,,,,,237,186,,,,85,48,75,17,,,,,18,205,27,96,6,,,,,,,,,,,,,138,,,,,,,,,,,,,,,,,,,,,,,,,,,,,,,,,,,,,,,,,,,,,,,,,,,,,102439,
[4695],CONTINENTAL FLOOD BASALT,DECCAN / NORTHERN DECCAN / SHARADA-TORANMAL FORMATION,SHARADA-TORANMAL SECTION,22,22,74.5,74.5,SUBAERIAL,,,s ST-6 [4695],BASALT [4695],,,,CENOZOIC [4695],,,,,VOLCANIC ROCK,,,,,WHOLE_ROCK [4695] ,233810.98700000002,16302.048,,72401.5368,,,,101126.73,77044.65999999999,35217.536,1161.687,,2324.42,24258.7239,1091.0525,,,,,,,,,,,,,,,,,,,,,,,,,,,,,,,,,,,,,,,,,,,,,,438,191,,,,94,203,110,24,,,,,,266,41,188,14,,,,,,,,,,,,,43,,,,,,,,,,,,,,,,,,,,,,,,,,,,,,,,,,,,,,,,,,,,,,,,,,,,,102440,
[4695],CONTINENTAL FLOOD BASALT,DECCAN / NORTHERN DECCAN / SHARADA-TORANMAL FORMATION,SHARADA-TORANMAL SECTION,22,22,74.5,74.5,SUBAERIAL,,,s ST-7 [4695],BASALT [4695],,,,CENOZOIC [4695],,,,,VOLCANIC ROCK,,,,,WHOLE_ROCK [4695] ,239186.48950000003,16302.048,,71501.8101,,,,108044.7,70755.3,27016.192000000003,1394.0244,,4897.884999999999,22329.895699999997,2356.6734,,,,,,,,,,,,,,,,,,,,,,,,,,,,,,,,,,,,,,,,,,,,,,428,38,,,,49,176,137,21,,,,,21,323,52,241,30,,,,,,,,,,,,,317,,,,,,,,,,,,,,,,,,,,,,,,,,,,,,,,,,,,,,,,,,,,,,,,,,,,,102441,
[4695],CONTINENTAL FLOOD BASALT,DECCAN / NORTHERN DECCAN / SHARADA-TORANMAL FORMATION,SHARADA-TORANMAL SECTION,22,22,74.5,74.5,SUBAERIAL,,,s ST-9 [4695],BASALT [4695],,,,CENOZOIC [4695],,,,,VOLCANIC ROCK,,,,,WHOLE_ROCK [4695] ,237737.44100000002,12825.876,,76317.9942,,,,96385.2,77473.48,36604.528,1394.0244,,5312.96,16840.1539,785.5577999999999,,,,,,,,,,,,,,,,,,,,,,,,,,,,,,,,,,,,,,,,,,,,,,380,80,,,,90,235,112,22,,,,,19,289,32,137,9,,,,,,,,,,,,,73,,,,,,,,,,,,,,,,,,,,,,,,,,,,,,,,,,,,,,,,,,,,,,,,,,,,,102442,
[4695],CONTINENTAL FLOOD BASALT,DECCAN / NORTHERN DECCAN / SHARADA-TORANMAL FORMATION,SHARADA-TORANMAL SECTION,22,22,74.5,74.5,SUBAERIAL,,,s ST-12 [4695],BASALT [4695],,,,CENOZOIC [4695],,,,,VOLCANIC ROCK,,,,,WHOLE_ROCK [4695] ,237784.1845,10728.186,,74359.76550000001,,,,107422.86,70826.77,34554.192,1548.9160000000002,,3735.675,22329.895699999997,741.9157,,,,,,,,,,,,,,,,,,,,,,,,,,,,,,,,,,,,,,,,,,,,,,435,39,,,,49,200,132,21,,,,,13,347,51,234,33,,,,,,,,,,,,,252,,,,,,,,,,,,,,,,,,,,,,,,,,,,,,,,,,,,,,,,,,,,,,,,,,,,,102443,
[4695],CONTINENTAL FLOOD BASALT,DECCAN / NORTHERN DECCAN / SHARADA-TORANMAL FORMATION,SHARADA-TORANMAL SECTION,22,22,74.5,74.5,SUBAERIAL,,,s ST-14 [4695],BASALT [4695],,,,CENOZOIC [4695],,,,,VOLCANIC ROCK,,,,,WHOLE_ROCK [4695] ,225817.84850000002,17500.728,,67003.1766,,,,127865.84999999999,67825.03,32986.28799999999,1548.9160000000002,,6143.11,25816.6236,1221.9788,,,,,,,,,,,,,,,,,,,,,,,,,,,,,,,,,,,,,,,,,,,,,,579,84,,,,67,407,155,21,,,,,19,109,53,213,21,,,,,,,,,,,,,23,,,,,,,,,,,,,,,,,,,,,,,,,,,,,,,,,,,,,,,,,,,,,,,,,,,,,102444,
[4695],CONTINENTAL FLOOD BASALT,DECCAN / NORTHERN DECCAN / SHARADA-TORANMAL FORMATION,SHARADA-TORANMAL SECTION,22,22,74.5,74.5,SUBAERIAL,,,s ST-16 [4695],BASALT [4695],,,,CENOZOIC [4695],,,,,VOLCANIC ROCK,,,,,WHOLE_ROCK [4695] ,231894.50350000002,14563.962,,75841.6683,,,,96618.39,80189.34000000001,40343.376,1316.5786,,2905.5249999999996,18991.5392,916.4841,,,,,,,,,,,,,,,,,,,,,,,,,,,,,,,,,,,,,,,,,,,,,,343,276,,,,117,203,95,22,,,,,3,232,37,157,12,,,,,,,,,,,,,83,,,,,,,,,,,,,,,,,,,,,,,,,,,,,,,,,,,,,,,,,,,,,,,,,,,,,102445,
[4695],CONTINENTAL FLOOD BASALT,DECCAN / NORTHERN DECCAN / SHARADA-TORANMAL FORMATION,SHARADA-TORANMAL SECTION,22,22,74.5,74.5,SUBAERIAL,,,s ST-17 [4695],BASALT [4695],,,,CENOZOIC [4695],,,,,VOLCANIC ROCK,,,,,WHOLE_ROCK [4695] ,234745.85700000002,13605.018,,76370.91930000001,,,,92809.62,76329.95999999999,38112.128,1316.5786,,4897.884999999999,23516.866899999997,916.4841,,,,,,,,,,,,,,,,,,,,,,,,,,,,,,,,,,,,,,,,,,,,,,363,264,,,,109,235,98,23,,,,,14,212,36,155,11,,,,,,,,,,,,,76,,,,,,,,,,,,,,,,,,,,,,,,,,,,,,,,,,,,,,,,,,,,,,,,,,,,,102446,
[4695],CONTINENTAL FLOOD BASALT,DECCAN / NORTHERN DECCAN / SHARADA-TORANMAL FORMATION,SHARADA-TORANMAL SECTION,22,22,74.5,74.5,SUBAERIAL,,,s ST-19 [4695],BASALT [4695],,,,CENOZOIC [4695],,,,,VOLCANIC ROCK,,,,,WHOLE_ROCK [4695] ,225116.696,13664.951999999997,,72613.2372,,,,108433.34999999999,85835.47,39619.728,1316.5786,,2075.375,20030.139,829.1999000000001,,,,,,,,,,,,,,,,,,,,,,,,,,,,,,,,,,,,,,,,,,,,,,416,81,,,,86,216,121,24,,,,,7,189,35,157,10,,,,,,,,,,,,,,,,,,,,,,,,,,,,,,,,,,,,,,,,,,,,,,,,,,,,,,,,,,,,,,,,,,102447,
[4695],CONTINENTAL FLOOD BASALT,DECCAN / NORTHERN DECCAN / SHARADA-TORANMAL FORMATION,SHARADA-TORANMAL SECTION,22,22,74.5,74.5,SUBAERIAL,,,s ST-20 [4695],BASALT [4695],,,,CENOZOIC [4695],,,,,VOLCANIC ROCK,,,,,WHOLE_ROCK [4695] ,233857.73050000003,13425.216,,72242.76150000001,,,,106101.45,80260.81,37810.60799999999,1394.0244,,2490.45,16765.9682,829.1999000000001,,,,,,,,,,,,,,,,,,,,,,,,,,,,,,,,,,,,,,,,,,,,,,383,79,,,,83,217,111,23,,,,,,215,35,152,10,,,,,,,,,,,,,26,,,,,,,,,,,,,,,,,,,,,,,,,,,,,,,,,,,,,,,,,,,,,,,,,,,,,102448,
[4695],CONTINENTAL FLOOD BASALT,DECCAN / NORTHERN DECCAN / SHARADA-TORANMAL FORMATION,SHARADA-TORANMAL SECTION,22,22,74.5,74.5,SUBAERIAL,,,s ST-21 [4695],BASALT [4695],,,,CENOZOIC [4695],,,,,VOLCANIC ROCK,,,,,WHOLE_ROCK [4695] ,233063.09100000001,13844.753999999999,,73142.4882,,,,104702.31000000001,80475.22,36906.047999999995,1316.5786,,2075.375,18917.353499999997,829.1999000000001,,,,,,,,,,,,,,,,,,,,,,,,,,,,,,,,,,,,,,,,,,,,,,395,74,,,,85,229,114,21,,,,,,211,35,154,11,,,,,,,,,,,,,29,,,,,,,,,,,,,,,,,,,,,,,,,,,,,,,,,,,,,,,,,,,,,,,,,,,,,102449,
[4695],CONTINENTAL FLOOD BASALT,DECCAN / NORTHERN DECCAN / SHARADA-TORANMAL FORMATION,SHARADA-TORANMAL SECTION,22,22,74.5,74.5,SUBAERIAL,,,s ST-22 [4695],BASALT [4695],,,,CENOZOIC [4695],,,,,VOLCANIC ROCK,,,,,WHOLE_ROCK [4695] ,233483.78250000003,13485.15,,70549.15830000001,,,,107811.51,68110.90999999999,34855.712,1239.1328,,8218.485,29229.1658,872.8420000000001,,,,,,,,,,,,,,,,,,,,,,,,,,,,,,,,,,,,,,,,,,,,,,344,69,,,,77,217,121,22,,,,,40,232,33,153,11,,,,,,,,,,,,,73,,,,,,,,,,,,,,,,,,,,,,,,,,,,,,,,,,,,,,,,,,,,,,,,,,,,,102450,
[4695],CONTINENTAL FLOOD BASALT,DECCAN / NORTHERN DECCAN / SHARADA-TORANMAL FORMATION,SHARADA-TORANMAL SECTION,22,22,74.5,74.5,SUBAERIAL,,,s ST-23 [4695],BASALT [4695],,,,CENOZOIC [4695],,,,,VOLCANIC ROCK,,,,,WHOLE_ROCK [4695] ,226752.71850000002,14623.895999999999,,73512.9639,,,,109910.22,84620.48,38896.08,1394.0244,,1826.33,15801.5541,872.8420000000001,,,,,,,,,,,,,,,,,,,,,,,,,,,,,,,,,,,,,,,,,,,,,,418,83,,,,85,222,121,23,,,,,,205,39,167,11,,,,,,,,,,,,,,,,,,,,,,,,,,,,,,,,,,,,,,,,,,,,,,,,,,,,,,,,,,,,,,,,,,102451,
[4695],CONTINENTAL FLOOD BASALT,DECCAN / NORTHERN DECCAN / SHARADA-TORANMAL FORMATION,SHARADA-TORANMAL SECTION,22,22,74.5,74.5,SUBAERIAL,,,s ST-24 [4695],BASALT [4695],,,,CENOZOIC [4695],,,,,VOLCANIC ROCK,,,,,WHOLE_ROCK [4695] ,221704.4205,14384.159999999998,,76159.2189,,,,111309.36,90195.14,37328.176,1471.4702,,996.18,15875.739800000001,872.8420000000001,,,,,,,,,,,,,,,,,,,,,,,,,,,,,,,,,,,,,,,,,,,,,,438,78,,,,86,238,119,25,,,,,,207,37,163,12,,,,,,,,,,,,,,,,,,,,,,,,,,,,,,,,,,,,,,,,,,,,,,,,,,,,,,,,,,,,,,,,,,102452,
[4695],CONTINENTAL FLOOD BASALT,DECCAN / NORTHERN DECCAN / SHARADA-TORANMAL FORMATION,SHARADA-TORANMAL SECTION,22,22,74.5,74.5,SUBAERIAL,,,s ST-25 [4695],BASALT [4695],,,,CENOZOIC [4695],,,,,VOLCANIC ROCK,,,,,WHOLE_ROCK [4695] ,231567.29900000003,13605.018,,71290.1097,,,,107111.93999999999,81332.86,37147.263999999996,1394.0244,,2573.465,20178.5104,829.1999000000001,,,,,,,,,,,,,,,,,,,,,,,,,,,,,,,,,,,,,,,,,,,,,,393,80,,,,81,223,113,23,,,,,,210,35,151,10,,,,,,,,,,,,,28,,,,,,,,,,,,,,,,,,,,,,,,,,,,,,,,,,,,,,,,,,,,,,,,,,,,,102453,
[4695],CONTINENTAL FLOOD BASALT,DECCAN / NORTHERN DECCAN / SHARADA-TORANMAL FORMATION,SHARADA-TORANMAL SECTION,22,22,74.5,74.5,SUBAERIAL,,,s ST-26 [4695],BASALT [4695],,,,CENOZOIC [4695],,,,,VOLCANIC ROCK,,,,,WHOLE_ROCK [4695] ,232455.4255,14743.764,,73830.5145,,,,107111.93999999999,80403.75,35519.056,1548.9160000000002,,2324.42,16098.2969,1265.6209,,,,,,,,,,,,,,,,,,,,,,,,,,,,,,,,,,,,,,,,,,,,,,410,79,,,,86,232,117,22,,,,,,212,37,155,11,,,,,,,,,,,,,,,,,,,,,,,,,,,,,,,,,,,,,,,,,,,,,,,,,,,,,,,,,,,,,,,,,,102454,
[4695],CONTINENTAL FLOOD BASALT,DECCAN / NORTHERN DECCAN / SHARADA-TORANMAL FORMATION,SHARADA-TORANMAL SECTION,22,22,74.5,74.5,SUBAERIAL,,,s ST-27 [4695],BASALT [4695],,,,CENOZOIC [4695],,,,,VOLCANIC ROCK,,,,,WHOLE_ROCK [4695] ,226939.6925,14144.423999999999,,74200.9902,,,,110376.59999999999,84977.83,37690.,1548.9160000000002,,2075.375,15504.811299999998,829.1999000000001,,,,,,,,,,,,,,,,,,,,,,,,,,,,,,,,,,,,,,,,,,,,,,430,86,,,,87,213,117,22,,,,,8,237,36,151,11,,,,,,,,,,,,,,,,,,,,,,,,,,,,,,,,,,,,,,,,,,,,,,,,,,,,,,,,,,,,,,,,,,102455,
[4695],CONTINENTAL FLOOD BASALT,DECCAN / NORTHERN DECCAN / SHARADA-TORANMAL FORMATION,SHARADA-TORANMAL SECTION,22,22,74.5,74.5,SUBAERIAL,,,s ST-30 [4695],BASALT [4695],,,,CENOZOIC [4695],,,,,VOLCANIC ROCK,,,,,WHOLE_ROCK [4695] ,244281.53100000002,16781.519999999997,,71448.88500000001,,,,103614.09,62965.07000000001,27076.496,1626.3618,,8633.56,22255.71,2443.9576,,,,,,,,,,,,,,,,,,,,,,,,,,,,,,,,,,,,,,,,,,,,,,425,36,,,,49,189,141,21,,,,,29,258,52,247,34,,,,,,,,,,,,,217,,,,,,,,,,,,,,,,,,,,,,,,,,,,,,,,,,,,,,,,,,,,,,,,,,,,,102456,
[4695],CONTINENTAL FLOOD BASALT,DECCAN / NORTHERN DECCAN / SHARADA-TORANMAL FORMATION,SHARADA-TORANMAL SECTION,22,22,74.5,74.5,SUBAERIAL,,,s ST-31 [4695],BASALT [4695],,,,CENOZOIC [4695],,,,,VOLCANIC ROCK,,,,,WHOLE_ROCK [4695] ,233670.75650000002,17260.992,,68273.379,,,,116128.62,74114.39,33227.50399999999,1781.2534,,5645.02,16543.411099999998,1178.3367,,,,,,,,,,,,,,,,,,,,,,,,,,,,,,,,,,,,,,,,,,,,,,535,91,,,,68,248,125,23,,,,,25,158,49,201,20,,,,,,,,,,,,,,,,,,,,,,,,,,,,,,,,,,,,,,,,,,,,,,,,,,,,,,,,,,,,,,,,,,102457,
[4695],CONTINENTAL FLOOD BASALT,DECCAN / NORTHERN DECCAN / SHARADA-TORANMAL FORMATION,SHARADA-TORANMAL SECTION,22,22,74.5,74.5,SUBAERIAL,,,s ST-32 [4695],BASALT [4695],,,,CENOZOIC [4695],,,,,VOLCANIC ROCK,,,,,WHOLE_ROCK [4695] ,233109.8345,12706.008,,79017.1743,,,,96074.28,82476.37999999999,35760.272,1239.1328,,4648.84,17359.4538,829.1999000000001,,,,,,,,,,,,,,,,,,,,,,,,,,,,,,,,,,,,,,,,,,,,,,335,74,,,,80,124,87,22,,,,,11,252,33,143,9,,,,,,,,,,,,,58,,,,,,,,,,,,,,,,,,,,,,,,,,,,,,,,,,,,,,,,,,,,,,,,,,,,,102458,
[4695],CONTINENTAL FLOOD BASALT,DECCAN / NORTHERN DECCAN / SHARADA-TORANMAL FORMATION,SHARADA-TORANMAL SECTION,22,22,74.5,74.5,SUBAERIAL,,,s ST-33 [4695],BASALT [4695],,,,CENOZOIC [4695],,,,,VOLCANIC ROCK,,,,,WHOLE_ROCK [4695] ,243907.583,4854.654,,79705.20060000001,,,,75709.02,82833.73,44624.96,1161.687,,5395.975,17359.4538,349.1368,,,,,,,,,,,,,,,,,,,,,,,,,,,,,,,,,,,,,,,,,,,,,,201,256,,,,89,116,71,18,,,,,10,413,25,71,5,,,,,,,,,,,,,123,,,,,,,,,,,,,,,,,,,,,,,,,,,,,,,,,,,,,,,,,,,,,,,,,,,,,102459,
[4695],CONTINENTAL FLOOD BASALT,DECCAN / NORTHERN DECCAN / SHARADA-TORANMAL FORMATION,SHARADA-TORANMAL SECTION,22,22,74.5,74.5,SUBAERIAL,,,s ST-34 [4695],BASALT [4695],,,,CENOZOIC [4695],,,,,VOLCANIC ROCK,,,,,WHOLE_ROCK [4695] ,238158.13250000004,14444.094,,73089.5631,,,,100815.81000000001,78116.70999999999,36725.136,1394.0244,,1411.255,16914.3396,916.4841,,,,,,,,,,,,,,,,,,,,,,,,,,,,,,,,,,,,,,,,,,,,,,432,107,,,,77,218,93,22,,,,,,278,39,156,18,,,,,,,,,,,,,162,,,,,,,,,,,,,,,,,,,,,,,,,,,,,,,,,,,,,,,,,,,,,,,,,,,,,102460,
[4695],CONTINENTAL FLOOD BASALT,DECCAN / NORTHERN DECCAN / SHARADA-TORANMAL FORMATION,SHARADA-TORANMAL SECTION,22,22,74.5,74.5,SUBAERIAL,,,s ST-35 [4695],BASALT [4695],,,,CENOZOIC [4695],,,,,VOLCANIC ROCK,,,,,WHOLE_ROCK [4695] ,227033.17950000003,13904.687999999998,,73618.8141,,,,105168.68999999999,81261.39,36664.831999999995,1548.9160000000002,,2739.4950000000003,25148.9523,1309.263,,,,,,,,,,,,,,,,,,,,,,,,,,,,,,,,,,,,,,,,,,,,,,519,117,,,,79,213,108,21,,,,,,271,40,158,19,,,,,,,,,,,,,170,,,,,,,,,,,,,,,,,,,,,,,,,,,,,,,,,,,,,,,,,,,,,,,,,,,,,102461,
[4695],CONTINENTAL FLOOD BASALT,DECCAN / NORTHERN DECCAN / SHARADA-TORANMAL FORMATION,SHARADA-TORANMAL SECTION,22,22,74.5,74.5,SUBAERIAL,,,s ST-38 [4695],BASALT [4695],,,,CENOZOIC [4695],,,,,VOLCANIC ROCK,,,,,WHOLE_ROCK [4695] ,238485.33700000003,11147.724,,75206.56710000001,,,,104313.66,76544.37000000001,34976.32,1471.4702,,2573.465,17062.711,785.5577999999999,,,,,,,,,,,,,,,,,,,,,,,,,,,,,,,,,,,,,,,,,,,,,,420,104,,,,63,222,100,19,,,,,2,159,40,116,11,,,,,,,,,,,,,109,,,,,,,,,,,,,,,,,,,,,,,,,,,,,,,,,,,,,,,,,,,,,,,,,,,,,102462,
[4695],CONTINENTAL FLOOD BASALT,DECCAN / NORTHERN DECCAN / SHARADA-TORANMAL FORMATION,SHARADA-TORANMAL SECTION,22,22,74.5,74.5,SUBAERIAL,,,s ST-39 [4695],BASALT [4695],,,,CENOZOIC [4695],,,,,VOLCANIC ROCK,,,,,WHOLE_ROCK [4695] ,244094.557,6592.74,,82404.38070000001,,,,80528.28,80618.15999999999,42031.888,1161.687,,3652.66,13427.6117,436.42100000000005,,,,,,,,,,,,,,,,,,,,,,,,,,,,,,,,,,,,,,,,,,,,,,265,200,,,,88,97,77,19,,,,,4,388,31,91,7,,,,,,,,,,,,,250,,,,,,,,,,,,,,,,,,,,,,,,,,,,,,,,,,,,,,,,,,,,,,,,,,,,,102463,
[4695],CONTINENTAL FLOOD BASALT,DECCAN / NORTHERN DECCAN / SHARADA-TORANMAL FORMATION,SHARADA-TORANMAL SECTION,22,22,74.5,74.5,SUBAERIAL,,,s ST-40 [4695],BASALT [4695],,,,CENOZOIC [4695],,,,,VOLCANIC ROCK,,,,,WHOLE_ROCK [4695] ,245637.0925,6472.872,,81928.05480000001,,,,78196.38,83119.61,42454.015999999996,1239.1328,,1743.3149999999998,12537.3833,436.42100000000005,,,,,,,,,,,,,,,,,,,,,,,,,,,,,,,,,,,,,,,,,,,,,,279,215,,,,93,129,80,16,,,,,,281,29,93,6,,,,,,,,,,,,,160,,,,,,,,,,,,,,,,,,,,,,,,,,,,,,,,,,,,,,,,,,,,,,,,,,,,,102464,
[4695],CONTINENTAL FLOOD BASALT,DECCAN / NORTHERN DECCAN / SHARADA-TORANMAL FORMATION,SHARADA-TORANMAL SECTION,22,22,74.5,74.5,SUBAERIAL,,,s ST-41 [4695],BASALT [4695],,,,CENOZOIC [4695],,,,,VOLCANIC ROCK,,,,,WHOLE_ROCK [4695] ,238438.59350000002,6952.343999999999,,79546.4253,,,,90788.64,84549.01,40886.112,1394.0244,,1328.24,15356.439899999998,436.42100000000005,,,,,,,,,,,,,,,,,,,,,,,,,,,,,,,,,,,,,,,,,,,,,,291,84,,,,71,141,85,18,,,,,,110,32,87,6,,,,,,,,,,,,,63,,,,,,,,,,,,,,,,,,,,,,,,,,,,,,,,,,,,,,,,,,,,,,,,,,,,,102465,
[4695],CONTINENTAL FLOOD BASALT,DECCAN / NORTHERN DECCAN / SHARADA-TORANMAL FORMATION,SHARADA-TORANMAL SECTION,22,22,74.5,74.5,SUBAERIAL,,,s ST-42 [4695],BASALT [4695],,,,CENOZOIC [4695],,,,,VOLCANIC ROCK,,,,,WHOLE_ROCK [4695] ,245870.81000000003,5453.994,,80869.5528,,,,78351.84,81046.98,43539.488,1084.2412000000002,,5811.049999999999,12240.6405,349.1368,,,,,,,,,,,,,,,,,,,,,,,,,,,,,,,,,,,,,,,,,,,,,,235,205,,,,85,110,75,16,,,,,19,212,25,76,5,,,,,,,,,,,,,123,,,,,,,,,,,,,,,,,,,,,,,,,,,,,,,,,,,,,,,,,,,,,,,,,,,,,102466,
[4695],CONTINENTAL FLOOD BASALT,DECCAN / NORTHERN DECCAN / SHARADA-TORANMAL FORMATION,SHARADA-TORANMAL SECTION,22,22,74.5,74.5,SUBAERIAL,,,s ST-43 [4695],BASALT [4695],,,,CENOZOIC [4695],,,,,VOLCANIC ROCK,,,,,WHOLE_ROCK [4695] ,242458.5345,5813.597999999999,,80869.5528,,,,82626.99,85192.24,42031.888,1239.1328,,4897.884999999999,11276.2264,392.77889999999996,,,,,,,,,,,,,,,,,,,,,,,,,,,,,,,,,,,,,,,,,,,,,,264,196,,,,74,112,83,17,,,,,26,119,28,91,6,,,,,,,,,,,,,116,,,,,,,,,,,,,,,,,,,,,,,,,,,,,,,,,,,,,,,,,,,,,,,,,,,,,102467,
[4695],CONTINENTAL FLOOD BASALT,DECCAN / NORTHERN DECCAN / SHARADA-TORANMAL FORMATION,SHARADA-TORANMAL SECTION,22,22,74.5,74.5,SUBAERIAL,,,s ST-44 [4695],BASALT [4695],,,,CENOZOIC [4695],,,,,VOLCANIC ROCK,,,,,WHOLE_ROCK [4695] ,245450.1185,5154.324,,81134.1783,,,,75087.18000000001,83262.55,43720.399999999994,1084.2412000000002,,4482.81,14688.7686,349.1368,,,,,,,,,,,,,,,,,,,,,,,,,,,,,,,,,,,,,,,,,,,,,,228,237,,,,87,122,75,18,,,,,12,137,26,81,5,,,,,,,,,,,,,172,,,,,,,,,,,,,,,,,,,,,,,,,,,,,,,,,,,,,,,,,,,,,,,,,,,,,102468,
[4695],CONTINENTAL FLOOD BASALT,DECCAN / NORTHERN DECCAN / SHARADA-TORANMAL FORMATION,SHARADA-TORANMAL SECTION,22,22,74.5,74.5,SUBAERIAL,,,s ST-46 [4695],BASALT [4695],,,,CENOZOIC [4695],,,,,VOLCANIC ROCK,,,,,WHOLE_ROCK [4695] ,242552.02150000003,7132.145999999999,,84415.5345,,,,81538.77,84048.72,37026.655999999995,1084.2412000000002,,2158.39,15356.439899999998,480.0631,,,,,,,,,,,,,,,,,,,,,,,,,,,,,,,,,,,,,,,,,,,,,,270,119,,,,70,161,79,19,,,,,,196,32,112,7,,,,,,,,,,,,,157,,,,,,,,,,,,,,,,,,,,,,,,,,,,,,,,,,,,,,,,,,,,,,,,,,,,,102469,
[4695],CONTINENTAL FLOOD BASALT,DECCAN / NORTHERN DECCAN / SHARADA-TORANMAL FORMATION,SHARADA-TORANMAL SECTION,22,22,74.5,74.5,SUBAERIAL,,,s ST-47 [4695],BASALT [4695],,,,CENOZOIC [4695],,,,,VOLCANIC ROCK,,,,,WHOLE_ROCK [4695] ,225256.9265,18459.672,,72083.9862,,,,119237.81999999999,77759.36,35699.968,1471.4702,,2324.42,16617.5968,1134.6946,,,,,,,,,,,,,,,,,,,,,,,,,,,,,,,,,,,,,,,,,,,,,,495,89,,,,76,213,118,24,,,,,11,251,41,179,12,,,,,,,,,,,,,79,,,,,,,,,,,,,,,,,,,,,,,,,,,,,,,,,,,,,,,,,,,,,,,,,,,,,102470,
[4695],CONTINENTAL FLOOD BASALT,DECCAN / NORTHERN DECCAN / SHARADA-TORANMAL FORMATION,SHARADA-TORANMAL SECTION,22,22,74.5,74.5,SUBAERIAL,,,s ST-48 [4695],BASALT [4695],,,,CENOZOIC [4695],,,,,VOLCANIC ROCK,,,,,WHOLE_ROCK [4695] ,230024.76350000003,18100.068,,71819.3607,,,,113796.72,78688.47,34252.672,1471.4702,,1328.24,16691.7825,1178.3367,,,,,,,,,,,,,,,,,,,,,,,,,,,,,,,,,,,,,,,,,,,,,,600,102,,,,77,264,132,24,,,,,,259,42,185,14,,,,,,,,,,,,,41,,,,,,,,,,,,,,,,,,,,,,,,,,,,,,,,,,,,,,,,,,,,,,,,,,,,,102471,
[4695],CONTINENTAL FLOOD BASALT,DECCAN / NORTHERN DECCAN / SHARADA-TORANMAL FORMATION,SHARADA-TORANMAL SECTION,22,22,74.5,74.5,SUBAERIAL,,,s ST-49 [4695],BASALT [4695],,,,CENOZOIC [4695],,,,,VOLCANIC ROCK,,,,,WHOLE_ROCK [4695] ,221564.19,18999.077999999998,,75047.7918,,,,116828.18999999999,80475.22,37569.392,1548.9160000000002,,1245.225,15727.3684,1134.6946,,,,,,,,,,,,,,,,,,,,,,,,,,,,,,,,,,,,,,,,,,,,,,520,104,,,,84,270,121,26,,,,,,244,41,178,13,,,,,,,,,,,,,56,,,,,,,,,,,,,,,,,,,,,,,,,,,,,,,,,,,,,,,,,,,,,,,,,,,,,102472,
[4695],CONTINENTAL FLOOD BASALT,DECCAN / NORTHERN DECCAN / SHARADA-TORANMAL FORMATION,SHARADA-TORANMAL SECTION,22,22,74.5,74.5,SUBAERIAL,,,s ST-50 [4695],BASALT [4695],,,,CENOZOIC [4695],,,,,VOLCANIC ROCK,,,,,WHOLE_ROCK [4695] ,281629.5875,5813.597999999999,,69278.9559,,,,72366.63,66895.92,28523.792,1006.7954,,2241.405,13205.0546,480.0631,,,,,,,,,,,,,,,,,,,,,,,,,,,,,,,,,,,,,,,,,,,,,,257,87,,,,59,120,77,17,,,,,8,175,28,102,7,,,,,,,,,,,,,121,,,,,,,,,,,,,,,,,,,,,,,,,,,,,,,,,,,,,,,,,,,,,,,,,,,,,102473,
[4695],CONTINENTAL FLOOD BASALT,DECCAN / NORTHERN DECCAN / SHARADA-TORANMAL FORMATION,SHARADA-TORANMAL SECTION,22,22,74.5,74.5,SUBAERIAL,,,s ST-51 [4695],BASALT [4695],,,,CENOZOIC [4695],,,,,VOLCANIC ROCK,,,,,WHOLE_ROCK [4695] ,244188.04400000002,9409.637999999999,,79546.4253,,,,93353.73,74042.92,31418.384,1394.0244,,7803.41,17062.711,698.2736,,,,,,,,,,,,,,,,,,,,,,,,,,,,,,,,,,,,,,,,,,,,,,373,66,,,,52,209,97,19,,,,,16,143,43,144,10,,,,,,,,,,,,,230,,,,,,,,,,,,,,,,,,,,,,,,,,,,,,,,,,,,,,,,,,,,,,,,,,,,,102474,
[4695],CONTINENTAL FLOOD BASALT,DECCAN / NORTHERN DECCAN / SHARADA-TORANMAL FORMATION,SHARADA-TORANMAL SECTION,22,22,74.5,74.5,SUBAERIAL,,,s ST-52 [4695],BASALT [4695],,,,CENOZOIC [4695],,,,,VOLCANIC ROCK,,,,,WHOLE_ROCK [4695] ,241149.71650000004,9529.506,,80181.5265,,,,94441.95,75615.26,31599.296,1316.5786,,6973.259999999999,18768.982099999997,698.2736,,,,,,,,,,,,,,,,,,,,,,,,,,,,,,,,,,,,,,,,,,,,,,407,71,,,,55,191,101,21,,,,,16,159,39,148,11,,,,,,,,,,,,,219,,,,,,,,,,,,,,,,,,,,,,,,,,,,,,,,,,,,,,,,,,,,,,,,,,,,,102475,
[4695],CONTINENTAL FLOOD BASALT,DECCAN / NORTHERN DECCAN / AJANTA FORMATION,AJANTA SECTION,20.5,20.5,75.8,75.8,SUBAERIAL,,,s AJ-08 [4695],BASALT [4695],,,,CENOZOIC [4695],,,,,VOLCANIC ROCK,,,,,WHOLE_ROCK [4695] ,235633.9835,17680.53,,75894.5934,,,,108355.62,69683.25,30634.431999999997,1316.5786,,3652.66,19288.282,1396.5472,,,,,,,,,,,,,,,,,,,,,,,,,,,,,,,,,,,,,,,,,,,,,,374,97,,,,88,265,107,27,,,,,12,274,39,238,16,,,,,,,,,,,,,233,,,,,,,,,,,,,,,,,,,,,,,,,,,,,,,,,,,,,,,,,,,,,,,,,,,,,102476,
[4695],CONTINENTAL FLOOD BASALT,DECCAN / NORTHERN DECCAN / AJANTA FORMATION,AJANTA SECTION,20.5,20.5,75.8,75.8,SUBAERIAL,,,s AJ-07 [4695],BASALT [4695],,,,CENOZOIC [4695],,,,,VOLCANIC ROCK,,,,,WHOLE_ROCK [4695] ,239186.48950000003,14084.49,,76688.46990000001,,,,107034.20999999999,69254.43,30272.607999999997,1316.5786,,4316.78,19214.096299999997,1003.7683000000001,,,,,,,,,,,,,,,,,,,,,,,,,,,,,,,,,,,,,,,,,,,,,,408,62,,,,62,215,105,25,,,,,10,275,34,178,9,,,,,,,,,,,,,213,,,,,,,,,,,,,,,,,,,,,,,,,,,,,,,,,,,,,,,,,,,,,,,,,,,,,102477,
[4695],CONTINENTAL FLOOD BASALT,DECCAN / NORTHERN DECCAN / AJANTA FORMATION,AJANTA SECTION,20.5,20.5,75.8,75.8,SUBAERIAL,,,s AJ-05 [4695],BASALT [4695],,,,CENOZOIC [4695],,,,,VOLCANIC ROCK,,,,,WHOLE_ROCK [4695] ,242832.48250000004,15942.444,,67849.9782,,,,118305.06000000001,62893.600000000006,26473.455999999995,1316.5786,,9878.785,18472.2393,1352.9051,,,,,,,,,,,,,,,,,,,,,,,,,,,,,,,,,,,,,,,,,,,,,,418,90,,,,53,177,112,24,,,,,33,264,42,224,13,,,,,,,,,,,,,366,,,,,,,,,,,,,,,,,,,,,,,,,,,,,,,,,,,,,,,,,,,,,,,,,,,,,102478,
[4695],CONTINENTAL FLOOD BASALT,DECCAN / NORTHERN DECCAN / AJANTA FORMATION,AJANTA SECTION,20.5,20.5,75.8,75.8,SUBAERIAL,,,s AJ-03-51 [4695],BASALT [4695],,,,CENOZOIC [4695],,,,,VOLCANIC ROCK,,,,,WHOLE_ROCK [4695] ,243673.86550000004,16242.114,,68855.5551,,,,113408.06999999999,61678.61000000001,29428.352,1316.5786,,9380.695,18101.3108,1352.9051,,,,,,,,,,,,,,,,,,,,,,,,,,,,,,,,,,,,,,,,,,,,,,398,80,,,,58,153,107,25,,,,,37,278,40,226,14,,,,,,,,,,,,,315,,,,,,,,,,,,,,,,,,,,,,,,,,,,,,,,,,,,,,,,,,,,,,,,,,,,,102479,
[4695],CONTINENTAL FLOOD BASALT,DECCAN / NORTHERN DECCAN / AJANTA FORMATION,AJANTA SECTION,20.5,20.5,75.8,75.8,SUBAERIAL,,,s AJ-03-52 [4695],BASALT [4695],,,,CENOZOIC [4695],,,,,VOLCANIC ROCK,,,,,WHOLE_ROCK [4695] ,240355.07700000002,16062.312,,66791.4762,,,,111620.28,69611.78,30755.039999999997,1394.0244,,11373.055,16765.9682,1178.3367,,,,,,,,,,,,,,,,,,,,,,,,,,,,,,,,,,,,,,,,,,,,,,427,82,,,,55,159,106,25,,,,,42,254,42,195,11,,,,,,,,,,,,,305,,,,,,,,,,,,,,,,,,,,,,,,,,,,,,,,,,,,,,,,,,,,,,,,,,,,,102480,
[4695],CONTINENTAL FLOOD BASALT,DECCAN / NORTHERN DECCAN / AJANTA FORMATION,AJANTA SECTION,20.5,20.5,75.8,75.8,SUBAERIAL,,,s AJ-02-51 [4695],BASALT [4695],,,,CENOZOIC [4695],,,,,VOLCANIC ROCK,,,,,WHOLE_ROCK [4695] ,238111.389,15223.235999999999,,72560.31210000001,,,,112242.12,69111.49,31358.079999999998,1394.0244,,4482.81,18768.982099999997,1091.0525,,,,,,,,,,,,,,,,,,,,,,,,,,,,,,,,,,,,,,,,,,,,,,425,100,,,,70,202,119,25,,,,,21,250,37,201,11,,,,,,,,,,,,,234,,,,,,,,,,,,,,,,,,,,,,,,,,,,,,,,,,,,,,,,,,,,,,,,,,,,,102481,
[4695],CONTINENTAL FLOOD BASALT,DECCAN / NORTHERN DECCAN / AJANTA FORMATION,AJANTA SECTION,20.5,20.5,75.8,75.8,SUBAERIAL,,,s AJ-02-52 [4695],BASALT [4695],,,,CENOZOIC [4695],,,,,VOLCANIC ROCK,,,,,WHOLE_ROCK [4695] ,236755.8275,15403.037999999999,,71448.88500000001,,,,116983.65000000001,67467.68,30574.128,1471.4702,,6060.095,18843.1678,1134.6946,,,,,,,,,,,,,,,,,,,,,,,,,,,,,,,,,,,,,,,,,,,,,,428,98,,,,70,203,122,26,,,,,17,249,41,208,12,,,,,,,,,,,,,259,,,,,,,,,,,,,,,,,,,,,,,,,,,,,,,,,,,,,,,,,,,,,,,,,,,,,102482,
[4695],CONTINENTAL FLOOD BASALT,DECCAN / NORTHERN DECCAN / AJANTA FORMATION,AJANTA SECTION,20.5,20.5,75.8,75.8,SUBAERIAL,,,s AJ-01 [4695],BASALT [4695],,,,CENOZOIC [4695],,,,,VOLCANIC ROCK,,,,,WHOLE_ROCK [4695] ,240168.10300000003,14743.764,,75259.49220000001,,,,105090.95999999999,67825.03,31177.167999999998,1084.2412000000002,,6890.245,18917.353499999997,1047.4104,,,,,,,,,,,,,,,,,,,,,,,,,,,,,,,,,,,,,,,,,,,,,,374,64,,,,54,200,109,26,,,,,16,271,36,185,11,,,,,,,,,,,,,233,,,,,,,,,,,,,,,,,,,,,,,,,,,,,,,,,,,,,,,,,,,,,,,,,,,,,102483,
[4695],CONTINENTAL FLOOD BASALT,DECCAN / NORTHERN DECCAN,BARWAHA-INDORE SECTION,22.7,22.7,75.9,75.9,SUBAERIAL,,,s BI-01-51 [4695],BASALT [4695],,,,CENOZOIC [4695],,,,,VOLCANIC ROCK,,,,,WHOLE_ROCK [4695] ,242832.48250000004,20137.823999999997,,71819.3607,,,,101126.73,63108.01,25146.767999999996,1471.4702,,14278.58,20475.2532,1963.8945,,,,,,,,,,,,,,,,,,,,,,,,,,,,,,,,,,,,,,,,,,,,,,420,72,,,,59,253,114,26,,,,,49,313,44,323,37,,,,,,,,,,,,,358,,,,,,,,,,,,,,,,,,,,,,,,,,,,,,,,,,,,,,,,,,,,,,,,,,,,,102484,
[4695],CONTINENTAL FLOOD BASALT,DECCAN / NORTHERN DECCAN,BARWAHA-INDORE SECTION,22.7,22.7,75.9,75.9,SUBAERIAL,,,s BI-01-52 [4695],BASALT [4695],,,,CENOZOIC [4695],,,,,VOLCANIC ROCK,,,,,WHOLE_ROCK [4695] ,243019.45650000003,21036.834,,71131.3344,,,,99960.78,63679.770000000004,24664.336,1548.9160000000002,,14693.655,20623.6246,1963.8945,,,,,,,,,,,,,,,,,,,,,,,,,,,,,,,,,,,,,,,,,,,,,,420,42,,,,47,255,117,27,,,,,52,313,47,330,36,,,,,,,,,,,,,369,,,,,,,,,,,,,,,,,,,,,,,,,,,,,,,,,,,,,,,,,,,,,,,,,,,,,102485,
[4695],CONTINENTAL FLOOD BASALT,DECCAN / NORTHERN DECCAN,BARWAHA-INDORE SECTION,22.7,22.7,75.9,75.9,SUBAERIAL,,,s BI-01-53 [4695],BASALT [4695],,,,CENOZOIC [4695],,,,,VOLCANIC ROCK,,,,,WHOLE_ROCK [4695] ,244421.76150000002,21815.976,,72560.31210000001,,,,95063.79000000001,65466.520000000004,24784.944,1394.0244,,11373.055,21291.2959,1920.2524,,,,,,,,,,,,,,,,,,,,,,,,,,,,,,,,,,,,,,,,,,,,,,403,48,,,,48,248,112,28,,,,,51,347,47,336,37,,,,,,,,,,,,,396,,,,,,,,,,,,,,,,,,,,,,,,,,,,,,,,,,,,,,,,,,,,,,,,,,,,,102486,
[4695],CONTINENTAL FLOOD BASALT,DECCAN / NORTHERN DECCAN,BARWAHA-INDORE SECTION,22.7,22.7,75.9,75.9,SUBAERIAL,,,s BI-02-51 [4695],BASALT [4695],,,,CENOZOIC [4695],,,,,VOLCANIC ROCK,,,,,WHOLE_ROCK [4695] ,233390.2955,18759.341999999997,,70972.5591,,,,113330.34,69468.84000000001,28101.664,1703.8076,,10459.89,20030.139,1702.0419000000002,,,,,,,,,,,,,,,,,,,,,,,,,,,,,,,,,,,,,,,,,,,,,,436,40,,,,44,218,118,24,,,,,30,310,42,263,29,,,,,,,,,,,,,301,,,,,,,,,,,,,,,,,,,,,,,,,,,,,,,,,,,,,,,,,,,,,,,,,,,,,102487,
[4695],CONTINENTAL FLOOD BASALT,DECCAN / NORTHERN DECCAN,BARWAHA-INDORE SECTION,22.7,22.7,75.9,75.9,SUBAERIAL,,,s BI-04-51 [4695],BASALT [4695],,,,CENOZOIC [4695],,,,,VOLCANIC ROCK,,,,,WHOLE_ROCK [4695] ,236148.16200000004,15762.641999999998,,74359.76550000001,,,,93820.11,78116.70999999999,36664.831999999995,1471.4702,,5478.990000000001,19065.724899999997,1309.263,,,,,,,,,,,,,,,,,,,,,,,,,,,,,,,,,,,,,,,,,,,,,,374,154,,,,100,160,97,24,,,,,26,320,37,216,24,,,,,,,,,,,,,251,,,,,,,,,,,,,,,,,,,,,,,,,,,,,,,,,,,,,,,,,,,,,,,,,,,,,102488,
[4695],CONTINENTAL FLOOD BASALT,DECCAN / NORTHERN DECCAN,BARWAHA-INDORE SECTION,22.7,22.7,75.9,75.9,SUBAERIAL,,,s BI-05-51 [4695],BASALT [4695],,,,CENOZOIC [4695],,,,,VOLCANIC ROCK,,,,,WHOLE_ROCK [4695] ,232174.96450000003,19478.55,,70602.0834,,,,108588.81000000001,77830.83,31840.512,1703.8076,,4565.825000000001,18472.2393,1483.8314,,,,,,,,,,,,,,,,,,,,,,,,,,,,,,,,,,,,,,,,,,,,,,456,56,,,,61,232,113,26,,,,,10,327,40,240,26,,,,,,,,,,,,,227,,,,,,,,,,,,,,,,,,,,,,,,,,,,,,,,,,,,,,,,,,,,,,,,,,,,,102489,
[4695],CONTINENTAL FLOOD BASALT,DECCAN / NORTHERN DECCAN,BARWAHA-INDORE SECTION,22.7,22.7,75.9,75.9,SUBAERIAL,,,s BI-14-51 [4695],BASALT [4695],,,,CENOZOIC [4695],,,,,VOLCANIC ROCK,,,,,WHOLE_ROCK [4695] ,234652.37000000002,17560.662,,75312.4173,,,,100582.62,77759.36,28584.096,1781.2534,,7969.44,18991.5392,1440.1893,,,,,,,,,,,,,,,,,,,,,,,,,,,,,,,,,,,,,,,,,,,,,,384,44,,,,64,212,97,27,,,,,20,322,38,220,24,,,,,,,,,,,,,232,,,,,,,,,,,,,,,,,,,,,,,,,,,,,,,,,,,,,,,,,,,,,,,,,,,,,102490,
[4695],CONTINENTAL FLOOD BASALT,DECCAN / NORTHERN DECCAN,BARWAHA-INDORE SECTION,22.7,22.7,75.9,75.9,SUBAERIAL,,,s BI-13-51 [4695],BASALT [4695],,,,CENOZOIC [4695],,,,,VOLCANIC ROCK,,,,,WHOLE_ROCK [4695] ,234839.34400000004,16541.783999999996,,72348.61170000001,,,,105090.95999999999,76973.19,33287.808,1626.3618,,3652.66,19288.282,1178.3367,,,,,,,,,,,,,,,,,,,,,,,,,,,,,,,,,,,,,,,,,,,,,,436,82,,,,74,250,110,24,,,,,18,278,36,203,21,,,,,,,,,,,,,144,,,,,,,,,,,,,,,,,,,,,,,,,,,,,,,,,,,,,,,,,,,,,,,,,,,,,102491,
[4695],CONTINENTAL FLOOD BASALT,DECCAN / NORTHERN DECCAN,BARWAHA-INDORE SECTION,22.7,22.7,75.9,75.9,SUBAERIAL,,,s BI-13-52 [4695],BASALT [4695],,,,CENOZOIC [4695],,,,,VOLCANIC ROCK,,,,,WHOLE_ROCK [4695] ,234325.16550000003,15103.367999999999,,75259.49220000001,,,,102214.95,78116.70999999999,34132.064,1471.4702,,3320.6000000000004,18843.1678,1134.6946,,,,,,,,,,,,,,,,,,,,,,,,,,,,,,,,,,,,,,,,,,,,,,411,93,,,,84,232,105,23,,,,,12,287,34,185,19,,,,,,,,,,,,,145,,,,,,,,,,,,,,,,,,,,,,,,,,,,,,,,,,,,,,,,,,,,,,,,,,,,,102492,
[4695],CONTINENTAL FLOOD BASALT,DECCAN / NORTHERN DECCAN,BARWAHA-INDORE SECTION,22.7,22.7,75.9,75.9,SUBAERIAL,,,s BI-13-53 [4695],BASALT [4695],,,,CENOZOIC [4695],,,,,VOLCANIC ROCK,,,,,WHOLE_ROCK [4695] ,234371.909,15522.905999999999,,74200.9902,,,,101670.84,78902.87999999999,35157.231999999996,1471.4702,,3154.57,18398.0536,1091.0525,,,,,,,,,,,,,,,,,,,,,,,,,,,,,,,,,,,,,,,,,,,,,,401,95,,,,81,215,100,25,,,,,11,291,34,184,18,,,,,,,,,,,,,142,,,,,,,,,,,,,,,,,,,,,,,,,,,,,,,,,,,,,,,,,,,,,,,,,,,,,102493,
[4695],CONTINENTAL FLOOD BASALT,DECCAN / NORTHERN DECCAN,BARWAHA-INDORE SECTION,22.7,22.7,75.9,75.9,SUBAERIAL,,,s BI-13-54 [4695],BASALT [4695],,,,CENOZOIC [4695],,,,,VOLCANIC ROCK,,,,,WHOLE_ROCK [4695] ,235820.95750000002,15582.84,,74730.2412,,,,100738.08,78116.70999999999,33227.50399999999,1548.9160000000002,,3486.6299999999997,18917.353499999997,1134.6946,,,,,,,,,,,,,,,,,,,,,,,,,,,,,,,,,,,,,,,,,,,,,,412,91,,,,77,237,108,23,,,,,11,287,35,190,19,,,,,,,,,,,,,141,,,,,,,,,,,,,,,,,,,,,,,,,,,,,,,,,,,,,,,,,,,,,,,,,,,,,102494,
[4695],CONTINENTAL FLOOD BASALT,DECCAN / NORTHERN DECCAN,BARWAHA-INDORE SECTION,22.7,22.7,75.9,75.9,SUBAERIAL,,,s BI-13-55 [4695],BASALT [4695],,,,CENOZOIC [4695],,,,,VOLCANIC ROCK,,,,,WHOLE_ROCK [4695] ,235213.29200000002,15642.773999999998,,75312.4173,,,,100349.43000000001,78331.12000000001,32925.984,1626.3618,,3237.585,19585.0248,1178.3367,,,,,,,,,,,,,,,,,,,,,,,,,,,,,,,,,,,,,,,,,,,,,,415,85,,,,77,233,108,25,,,,,14,287,34,190,20,,,,,,,,,,,,,128,,,,,,,,,,,,,,,,,,,,,,,,,,,,,,,,,,,,,,,,,,,,,,,,,,,,,102495,
[4695],CONTINENTAL FLOOD BASALT,DECCAN / NORTHERN DECCAN,BARWAHA-INDORE SECTION,22.7,22.7,75.9,75.9,SUBAERIAL,,,s BI-12-51 [4695],BASALT [4695],,,,CENOZOIC [4695],,,,,VOLCANIC ROCK,,,,,WHOLE_ROCK [4695] ,234465.396,13305.348,,73512.9639,,,,95452.43999999999,85120.77,39016.687999999995,1394.0244,,4150.75,16246.6683,872.8420000000001,,,,,,,,,,,,,,,,,,,,,,,,,,,,,,,,,,,,,,,,,,,,,,348,184,,,,105,183,92,22,,,,,13,264,29,141,14,,,,,,,,,,,,,117,,,,,,,,,,,,,,,,,,,,,,,,,,,,,,,,,,,,,,,,,,,,,,,,,,,,,102496,
[4695],CONTINENTAL FLOOD BASALT,DECCAN / NORTHERN DECCAN,BARWAHA-INDORE SECTION,22.7,22.7,75.9,75.9,SUBAERIAL,,,s BI-12-52 [4695],BASALT [4695],,,,CENOZOIC [4695],,,,,VOLCANIC ROCK,,,,,WHOLE_ROCK [4695] ,235213.29200000002,13545.083999999997,,73989.2898,,,,95219.25,83119.61,38956.384,1316.5786,,4316.78,16395.039699999998,872.8420000000001,,,,,,,,,,,,,,,,,,,,,,,,,,,,,,,,,,,,,,,,,,,,,,338,173,,,,101,204,97,23,,,,,14,264,29,146,14,,,,,,,,,,,,,123,,,,,,,,,,,,,,,,,,,,,,,,,,,,,,,,,,,,,,,,,,,,,,,,,,,,,102497,
[4695],CONTINENTAL FLOOD BASALT,DECCAN / NORTHERN DECCAN,BARWAHA-INDORE SECTION,22.7,22.7,75.9,75.9,SUBAERIAL,,,s BI-11-51 [4695],BASALT [4695],,,,CENOZOIC [4695],,,,,VOLCANIC ROCK,,,,,WHOLE_ROCK [4695] ,235353.52250000002,13425.216,,72031.0611,,,,111542.55,74900.56,31358.079999999998,1626.3618,,6724.215,18249.6822,1265.6209,,,,,,,,,,,,,,,,,,,,,,,,,,,,,,,,,,,,,,,,,,,,,,433,59,,,,49,233,107,21,,,,,12,242,37,173,24,,,,,,,,,,,,,266,,,,,,,,,,,,,,,,,,,,,,,,,,,,,,,,,,,,,,,,,,,,,,,,,,,,,102498,
[4695],CONTINENTAL FLOOD BASALT,DECCAN / NORTHERN DECCAN,BARWAHA-INDORE SECTION,22.7,22.7,75.9,75.9,SUBAERIAL,,,s BI-10-51 [4695],BASALT [4695],,,,CENOZOIC [4695],,,,,VOLCANIC ROCK,,,,,WHOLE_ROCK [4695] ,237316.74950000003,7971.222,,79334.7249,,,,95996.55,84263.12999999999,37267.871999999996,1936.145,,1992.36,14762.9543,480.0631,,,,,,,,,,,,,,,,,,,,,,,,,,,,,,,,,,,,,,,,,,,,,,344,72,,,,64,163,85,21,,,,,8,156,29,93,8,,,,,,,,,,,,,103,,,,,,,,,,,,,,,,,,,,,,,,,,,,,,,,,,,,,,,,,,,,,,,,,,,,,102499,
[4695],CONTINENTAL FLOOD BASALT,DECCAN / NORTHERN DECCAN,BARWAHA-INDORE SECTION,22.7,22.7,75.9,75.9,SUBAERIAL,,,s BI-09-57 [4695],BASALT [4695],,,,CENOZOIC [4695],,,,,VOLCANIC ROCK,,,,,WHOLE_ROCK [4695] ,235353.52250000002,14683.83,,71872.2858,,,,111931.2,75400.85,32021.423999999995,1548.9160000000002,,3984.72,18027.1251,1091.0525,,,,,,,,,,,,,,,,,,,,,,,,,,,,,,,,,,,,,,,,,,,,,,457,92,,,,65,212,117,23,,,,,21,231,35,178,14,,,,,,,,,,,,,169,,,,,,,,,,,,,,,,,,,,,,,,,,,,,,,,,,,,,,,,,,,,,,,,,,,,,102500,
[4695],CONTINENTAL FLOOD BASALT,DECCAN / NORTHERN DECCAN,BARWAHA-INDORE SECTION,22.7,22.7,75.9,75.9,SUBAERIAL,,,s BI-09-58 [4695],BASALT [4695],,,,CENOZOIC [4695],,,,,VOLCANIC ROCK,,,,,WHOLE_ROCK [4695] ,236194.90550000002,14264.291999999998,,73089.5631,,,,107189.67,76973.19,32443.551999999996,1626.3618,,3818.69,18027.1251,1047.4104,,,,,,,,,,,,,,,,,,,,,,,,,,,,,,,,,,,,,,,,,,,,,,433,90,,,,72,238,120,24,,,,,18,230,34,173,14,,,,,,,,,,,,,156,,,,,,,,,,,,,,,,,,,,,,,,,,,,,,,,,,,,,,,,,,,,,,,,,,,,,102501,
[4695],CONTINENTAL FLOOD BASALT,DECCAN / NORTHERN DECCAN,BARWAHA-INDORE SECTION,22.7,22.7,75.9,75.9,SUBAERIAL,,,s BI-09-59 [4695],BASALT [4695],,,,CENOZOIC [4695],,,,,VOLCANIC ROCK,,,,,WHOLE_ROCK [4695] ,234792.6005,14444.094,,72348.61170000001,,,,110376.59999999999,76901.72,32684.767999999996,1781.2534,,4150.75,17285.2681,1091.0525,,,,,,,,,,,,,,,,,,,,,,,,,,,,,,,,,,,,,,,,,,,,,,457,94,,,,71,237,113,24,,,,,8,232,35,173,14,,,,,,,,,,,,,170,,,,,,,,,,,,,,,,,,,,,,,,,,,,,,,,,,,,,,,,,,,,,,,,,,,,,102502,
[4695],CONTINENTAL FLOOD BASALT,DECCAN / NORTHERN DECCAN,BARWAHA-INDORE SECTION,22.7,22.7,75.9,75.9,SUBAERIAL,,,s BI-08-51 [4695],BASALT [4695],,,,CENOZOIC [4695],,,,,VOLCANIC ROCK,,,,,WHOLE_ROCK [4695] ,237597.21050000002,18579.54,,71978.136,,,,108200.16,68539.73,29368.048,1394.0244,,6807.23,20030.139,1702.0419000000002,,,,,,,,,,,,,,,,,,,,,,,,,,,,,,,,,,,,,,,,,,,,,,451,84,,,,67,309,123,27,,,,,21,248,47,272,17,,,,,,,,,,,,,278,,,,,,,,,,,,,,,,,,,,,,,,,,,,,,,,,,,,,,,,,,,,,,,,,,,,,102503,
[4695],CONTINENTAL FLOOD BASALT,DECCAN / NORTHERN DECCAN,BARWAHA-INDORE SECTION,22.7,22.7,75.9,75.9,SUBAERIAL,,,s BI-07-51 [4695],BASALT [4695],,,,CENOZOIC [4695],,,,,VOLCANIC ROCK,,,,,WHOLE_ROCK [4695] ,242318.30400000003,15103.367999999999,,69173.1057,,,,110221.14,68110.90999999999,30513.823999999997,1548.9160000000002,,6558.185,18768.982099999997,1221.9788,,,,,,,,,,,,,,,,,,,,,,,,,,,,,,,,,,,,,,,,,,,,,,434,68,,,,52,193,117,24,,,,,17,248,42,211,13,,,,,,,,,,,,,285,,,,,,,,,,,,,,,,,,,,,,,,,,,,,,,,,,,,,,,,,,,,,,,,,,,,,102504,
[4695],CONTINENTAL FLOOD BASALT,DECCAN / NORTHERN DECCAN,BARWAHA-INDORE SECTION,22.7,22.7,75.9,75.9,SUBAERIAL,,,s BI-06-51 [4695],BASALT [4695],,,,CENOZOIC [4695],,,,,VOLCANIC ROCK,,,,,WHOLE_ROCK [4695] ,242131.33000000002,12466.271999999999,,74994.8667,,,,102992.25,71470,30272.607999999997,1316.5786,,5811.049999999999,19139.9106,1003.7683000000001,,,,,,,,,,,,,,,,,,,,,,,,,,,,,,,,,,,,,,,,,,,,,,378,63,,,,57,170,106,25,,,,,21,247,34,181,10,,,,,,,,,,,,,201,,,,,,,,,,,,,,,,,,,,,,,,,,,,,,,,,,,,,,,,,,,,,,,,,,,,,102505,
[4695],CONTINENTAL FLOOD BASALT,DECCAN / NORTHERN DECCAN / BULDANA FORMATION,BULDANA SECTION,20.52,20.52,76.3,76.3,SUBAERIAL,,,s BU-03-51 [4695],BASALT [4695],,,,CENOZOIC [4695],,,,,VOLCANIC ROCK,,,,,WHOLE_ROCK [4695] ,231240.0945,13964.622,,69914.0571,,,,113408.06999999999,77902.3,39378.512,1471.4702,,1743.3149999999998,17582.0109,872.8420000000001,,,,,,,,,,,,,,,,,,,,,,,,,,,,,,,,,,,,,,,,,,,,,,471,78,,,,72,233,104,23,,,,,,237,34,146,9,,,,,,,,,,,,,85,,,,,,,,,,,,,,,,,,,,,,,,,,,,,,,,,,,,,,,,,,,,,,,,,,,,,102506,
[4695],CONTINENTAL FLOOD BASALT,DECCAN / NORTHERN DECCAN / BULDANA FORMATION,BULDANA SECTION,20.52,20.52,76.3,76.3,SUBAERIAL,,,s BU-04-51 [4695],BASALT [4695],,,,CENOZOIC [4695],,,,,VOLCANIC ROCK,,,,,WHOLE_ROCK [4695] ,232642.39950000003,14204.358,,69649.43160000001,,,,112475.31000000001,77687.89,36906.047999999995,1548.9160000000002,,2905.5249999999996,18323.8679,960.1262,,,,,,,,,,,,,,,,,,,,,,,,,,,,,,,,,,,,,,,,,,,,,,466,69,,,,78,194,114,22,,,,,8,215,38,160,10,,,,,,,,,,,,,99,,,,,,,,,,,,,,,,,,,,,,,,,,,,,,,,,,,,,,,,,,,,,,,,,,,,,102507,
