Citations,Tectonic Setting,Location,Location Comment,Latitude (Min),Latitude (Max),Longitude (Min),Longitude (Max),Land or Sea,Elevation (Min),Elevation (Max),Sample Name,Rock Name,"Age (a, Min)","Age (a, Max)",Geol,Age,Eruption Day,Eruption Month,Eruption Year,Rock Texture,Rock Type,Drill Depth (Min),Drill Depth (Max),Alteration,Mineral,Material,Si,Ti,B,Al,Cr,Fe3+,Fe2+,Fetot(2+),Ca,Mg,Mn,Ni,K,Na,P,H2O,H2OP,H2OM,H2Otot,CO2,CO,F,Cl,Cl2,OH,CH4,SO2,SO3,SO4,S,LOI,Volatiles,O,Others,HE(CCM/G),HE(CCMSTP/G),HE3(CCMSTP/G),HE3(AT/G),HE4(CCM/G),HE4(CCMSTP/G),HE4(AT/G),HE4(MOLE/G),HE4(NCC/G),HE(NCC/G),Li,Be,B,C,CO2,F,Na,Mg,Al,P,S,Cl,K,Ca,Sc,Ti,V,Cr,Mn,Fe,Co,Ni,Cu,Zn,Ga,Ge,As,Se,Br,Rb,Sr,Y,Zr,Nb,Mo,Ru,Rh,Pd,Ag,Cd,In,Sn,Sb,Te,I,Cs,Ba,La,Ce,Pr,Nd,Sm,Eu,Gd,Tb,Dy,Ho,Er,Tm,Yb,Lu,Hf,Ta,W,Re,Os,Ir,Pt,Au,Hg,Tl,Pb,Bi,Th,U,Nd143/Nd144,Nd143/Nd144 initial,e Nd,Sr87/Sr86,SR87_SR86_INI,PB206_PB204,PB206_PB204_INI,PB207_PB204,PB207_PB204_INI,PB208_PB204,PB208_PB204_INI,OS184_OS188,OS186_OS188,OS187_OS186,OS187_OS188,RE187_OS186,RE187_OS188,HF176_HF177,HE3_HE4,HE3_HE4(R/R(A)),HE4_HE3,HE4_HE3(R/R(A)),K40_AR40,AR40_K40,Unique Id,
[4373],CONVERGENT MARGIN,AEOLIAN ARC / ITALY / CAPO VATICANO / TYRRHENIAN SEA,,38.48,38.48,15.97,15.97,SUBAERIAL,,,s PA21 [4373],"GRANODIORITE, TWO-MICA [4373]",,,,,,,,PORPHYRITIC [4373] ,PLUTONIC ROCK,,,,,WHOLE_ROCK [4373] ,319258.10500000004,1618.218,,91560.42300000001,,17135.300000000003,,,13364.890000000001,3678.544,697.0122,,38518.96,26929.409099999997,785.5577999999999,,,,,,,,,,,,,,,,6600.,,,,,,,,,,,,,,,,,,,,,,,,,,,,,,15,,,,,,,,,,,,,130,297,16,132,11,,,,,,,,,,,,,1291,15,41,,26,7.7,1.7,7.5,,7.1,,3.5,,2.7,0.44,,,,,,,,,,,10,,1.41,0.54,0.5121,,,0.71613,,18.499,,15.693,,38.793,,,,,,,,,,,,,,,103620,
[4373],CONVERGENT MARGIN,AEOLIAN ARC / ITALY / CAPO VATICANO / TYRRHENIAN SEA,,38.48,38.48,15.97,15.97,SUBAERIAL,,,s PA44 [4373],"GRANODIORITE, TWO-MICA [4373]",,,,,,,,PORPHYRITIC [4373] ,PLUTONIC ROCK,,,,,WHOLE_ROCK [4373] ,329494.9315,2397.36,,80763.7026,,20702.239999999998,,,20011.6,5186.143999999999,697.0122,,27643.995,24407.0953,305.4947,,,,,,,,,,,,,,,,4400.,,,,,,,,,,,,,,,,,,,,,,,,,,,,,,24,,,,,,,,,,,,,85,343,20,211,12,,,,,,,,,,,,,1386,21,50,,23,5.3,1.6,4.6,,4.1,,2.1,,1.8,0.31,,,,,,,,,,,12,,2.38,0.79,0.51215,,,0.71377,,18.481,,15.666,,39.027,,,,,,,,,,,,,,,103621,
[4373],CONVERGENT MARGIN,AEOLIAN ARC / ITALY / CAPO VATICANO / TYRRHENIAN SEA,,38.48,38.48,15.97,15.97,SUBAERIAL,,,s PA28 [4373],"GRANODIORITE, TWO-MICA [4373]",,,,,,,,PORPHYRITIC [4373] ,PLUTONIC ROCK,,,,,WHOLE_ROCK [4373] ,330242.8275000001,1798.0199999999998,,82404.38070000001,,16505.84,,,15151.640000000001,3859.4559999999997,697.0122,,33039.97,25519.8808,698.2736,,,,,,,,,,,,,,,,7100.,,,,,,,,,,,,,,,,,,,,,,,,,,,,,,17,,,,,,,,,,,,,105,364,15,166,9,,,,,,,,,,,,,1689,12,36,,22,6.1,1.6,5.9,,5.2,,2.7,,2.5,0.45,,,,,,,,,,,12,,1.41,1.13,,,,0.71437,,18.451,,15.675,,38.922,,,,,,,,,,,,,,,103622,
[4373],CONVERGENT MARGIN,AEOLIAN ARC / ITALY / CAPO VATICANO / TYRRHENIAN SEA,,38.48,38.48,15.97,15.97,SUBAERIAL,,,s CV14 [4373],"GRANODIORITE, TWO-MICA [4373]",,,,,,,,PORPHYRITIC [4373] ,PLUTONIC ROCK,,,,,WHOLE_ROCK [4373] ,331084.21050000004,1857.954,,82510.23090000001,,17205.239999999998,,,12578.72,5487.664,542.1206000000001,,28225.1,22700.8242,1003.7683000000001,,,,,,,,,,,,,,,,13799.999999999998,,,,,,,,,,,,,,,,,,,,,,,,,,,,,,13,,,,,,,,,,,,,105,256,15,135,13,,,,,,,,,,,,,1062,43,90,,39,7.1,1.3,6,,4,,1.7,,1.2,0.2,,,,,,,,,,,,,,,,,,,,,,,,,,,,,,,,,,,,,,,103623,
[4373],CONVERGENT MARGIN,AEOLIAN ARC / ITALY / CAPO VATICANO / TYRRHENIAN SEA,,38.48,38.48,15.97,15.97,SUBAERIAL,,,s PA3 [4373],"GRANODIORITE, TWO-MICA [4373]",,,,,,,,PORPHYRITIC [4373] ,PLUTONIC ROCK,,,,,WHOLE_ROCK [4373] ,331271.18450000003,2097.6899999999996,,82827.78150000001,,19303.44,,,18725.14,4583.103999999999,697.0122,,18761.39,28116.3803,698.2736,,,,,,,,,,,,,,,,6899.999999999999,,,,,,,,,,,,,,,,,,,,,,,,,,,,,,22,,,,,,,,,,,,,56,280,17,166,9,,,,,,,,,,,,,596,29,67,,32,7.3,1.7,6.3,,5.6,,2.7,,2.2,0.35,,,,,,,,,,,12,,5.6,1.3,0.51214,,,0.71328,,,,,,,,,,,,,,,,,,,,,103624,
[4373],CONVERGENT MARGIN,AEOLIAN ARC / ITALY / CAPO VATICANO / TYRRHENIAN SEA,,38.48,38.48,15.97,15.97,SUBAERIAL,,,s CV85-16 [4373],"GRANODIORITE, TWO-MICA [4373]",,,,,,,,PORPHYRITIC [4373] ,PLUTONIC ROCK,,,,,WHOLE_ROCK [4373] ,331645.13250000007,2397.36,,80552.0022,,21471.579999999998,,,18582.2,5849.487999999999,697.0122,,19591.539999999997,25371.5094,349.1368,,,,,,,,,,,,,,,,8300.,,,,,,,,,,,,,,,,,,,,,,,,,,,,,,,,,,,,,,,,,,,89,331,24,247,18,,,,,,,,,,,,,861,,,,,,,,,,,,,,,,,,,,,,,,,10,,9,1.1,,,,,,,,,,,,,,,,,,,,,,,,,103625,
[4373],CONVERGENT MARGIN,AEOLIAN ARC / ITALY / CAPO VATICANO / TYRRHENIAN SEA,,38.48,38.48,15.97,15.97,SUBAERIAL,,,s CV40 [4373],"GRANODIORITE, TWO-MICA [4373]",,,,,,,,PORPHYRITIC [4373] ,PLUTONIC ROCK,,,,,WHOLE_ROCK [4373] ,332580.00250000006,2397.36,,78434.9982,,19583.199999999997,,,19940.13,7176.1759999999995,542.1206000000001,,19923.6,25445.6951,741.9157,,,,,,,,,,,,,,,,7800.,,,,,,,,,,,,,,,,,,,,,,,,,,,,,,28,,,,,,,,,,,,,65,342,20,198,10,,,,,,,,,,,,,893,64,133,,58,10.5,1.7,8.9,,6.1,,2.8,,2.2,0.41,,,,,,,,,,,,,,,,,,,,,,,,,,,,,,,,,,,,,,,103626,
[4373],CONVERGENT MARGIN,AEOLIAN ARC / ITALY / CAPO VATICANO / TYRRHENIAN SEA,,38.48,38.48,15.97,15.97,SUBAERIAL,,,s PA10 [4373],"GRANODIORITE, TWO-MICA [4373]",,,,,,,,PORPHYRITIC [4373] ,PLUTONIC ROCK,,,,,WHOLE_ROCK [4373] ,336833.661,2157.624,,75471.1926,,18534.1,,,17724.56,5005.231999999999,697.0122,,27810.025,23294.3098,698.2736,,,,,,,,,,,,,,,,6200.,,,,,,,,,,,,,,,,,,,,,,,,,,,,,,28,,,,,,,,,,,,,65,314,20,167,7,,,,,,,,,,,,,1388,76,151,,56,9.2,1.8,6.8,,4,,2,,1.6,0.24,,,,,,,,,,,17,,20.91,1.15,,,,0.71326,,18.431,,39.02,,,,,,,,,,,,,,,,,103627,
[4373],CONVERGENT MARGIN,AEOLIAN ARC / ITALY / CAPO VATICANO / TYRRHENIAN SEA,,38.48,38.48,15.97,15.97,SUBAERIAL,,,s PA13 [4373],"GRANODIORITE, TWO-MICA [4373]",,,,,,,,PORPHYRITIC [4373] ,PLUTONIC ROCK,,,,,WHOLE_ROCK [4373] ,338095.7355,1618.218,,79758.1257,,14827.28,,,11864.019999999999,3075.504,697.0122,,31877.76,24778.0238,741.9157,,,,,,,,,,,,,,,,6000.,,,,,,,,,,,,,,,,,,,,,,,,,,,,,,13,,,,,,,,,,,,,105,209,18,134,14,,,,,,,,,,,,,619,54,112,,45,7.2,1.8,5.4,,2.9,,1.3,,1,0.2,,,,,,,,,,,9,,9.84,1.22,,,,0.71674,,18.389,,38.547,,,,,,,,,,,,,,,,,103628,
[4373],CONVERGENT MARGIN,AEOLIAN ARC / ITALY / CAPO VATICANO / TYRRHENIAN SEA,,38.48,38.48,15.97,15.97,SUBAERIAL,,,s CV85-15 [4373],"GRANODIORITE, TWO-MICA [4373]",,,,,,,,PORPHYRITIC [4373] ,PLUTONIC ROCK,,,,,WHOLE_ROCK [4373] ,338376.1965,1678.152,,81240.0285,,14267.76,,,12006.96,2351.8559999999998,697.0122,,29553.34,23813.609699999997,523.7052,,,,,,,,,,,,,,,,9000.,,,,,,,,,,,,,,,,,,,,,,,,,,,,,,,,,,,,,,,,,,,114,251,20,126,10,,,,,,,,,,,,,946,,,,,,,,,,,,,,,,,,,,,,,,,10,,6.1,1.4,,,,,,,,,,,,,,,,,,,,,,,,,103629,
[4373],CONVERGENT MARGIN,AEOLIAN ARC / ITALY / CAPO VATICANO / TYRRHENIAN SEA,,38.48,38.48,15.97,15.97,SUBAERIAL,,,s PA12 [4373],"GRANODIORITE, TWO-MICA [4373]",,,,,,,,PORPHYRITIC [4373] ,PLUTONIC ROCK,,,,,WHOLE_ROCK [4373] ,341554.7545,1678.152,,75577.0428,,16435.9,,,13579.3,3437.3279999999995,697.0122,,28640.175000000003,24110.3525,480.0631,,,,,,,,,,,,,,,,6400.,,,,,,,,,,,,,,,,,,,,,,,,,,,,,,17,,,,,,,,,,,,,79,256,17,139,9,,,,,,,,,,,,,899,36,77,,32,7.2,1.6,6.6,,6.4,,3.3,,2.9,0.47,,,,,,,,,,,16,,9.9,1.5,,,,0.71415,,,,,,,,,,,,,,,,,,,,,103630,
[4373],CONVERGENT MARGIN,AEOLIAN ARC / ITALY / CAPO VATICANO / TYRRHENIAN SEA,,38.48,38.48,15.97,15.97,SUBAERIAL,,,s PA27 [4373],"GRANODIORITE, TWO-MICA [4373]",,,,,,,,PORPHYRITIC [4373] ,PLUTONIC ROCK,,,,,WHOLE_ROCK [4373] ,342068.9330000001,1258.6139999999998,,74518.5408,,13358.539999999999,,,11864.019999999999,3075.504,697.0122,,36443.585,22849.1956,305.4947,,,,,,,,,,,,,,,,8200.,,,,,,,,,,,,,,,,,,,,,,,,,,,,,,14,,,,,,,,,,,,,111,205,33,119,14,,,,,,,,,,,,,894,38,81,,33,6.6,1.6,5.9,,4.3,,2.1,,1.8,0.31,,,,,,,,,,,14,,10.61,1.33,0.51218,,,,,18.391,,15.643,,38.583,,,,,,,,,,,,,,,103631,
[4373],CONVERGENT MARGIN,AEOLIAN ARC / ITALY / CAPO VATICANO / BRIATICO UNIT / TYRRHENIAN SEA,,38.48,38.48,15.97,15.97,SUBAERIAL,,,s CV222 [4373],TONALITE [4373],,,,,,,,,PLUTONIC ROCK,,,,,WHOLE_ROCK [4373] ,269429.53400000004,5573.862,,95582.7306,,46580.04,,,43382.29,25810.112,851.9038,,20255.66,17062.711,1309.263,,,,,,,,,,,,,,,,12100.,,,,,,,,,,,,,,,,,,,,,,,,,,,,,,128,,,,,,,,,,,,,71,302,31,148,13,,,,,,,,,,,,,705,,,,,,,,,,,,,,,,,,,,,,,,,,,,,,,,,,,,,,,,,,,,,,,,,,,,,103632,
[4373],CONVERGENT MARGIN,AEOLIAN ARC / ITALY / CAPO VATICANO / BRIATICO UNIT / TYRRHENIAN SEA,,38.48,38.48,15.97,15.97,SUBAERIAL,,,s CV185 [4373],TONALITE [4373],,,,,,,,,PLUTONIC ROCK,,,,,WHOLE_ROCK [4373] ,278544.5165,5753.664,,92142.5991,,46929.74,,,35306.18,20503.359999999997,697.0122,,22248.02,20252.696099999997,1003.7683000000001,,,,,,,,,,,,,,,,12600.,,,,,,,,,,,,,,,,,,,,,,,,,,,,,,119,,,,,,,,,,,,,83,302,9,198,19,,,,,,,,,,,,,841,74,103,,39,8.3,1.4,,0.6,,,,,1.2,,,,,,,,,,,,,,,,,,,,,,,,,,,,,,,,,,,,,,,,103633,
[4373],CONVERGENT MARGIN,AEOLIAN ARC / ITALY / CAPO VATICANO / BRIATICO UNIT / TYRRHENIAN SEA,,38.48,38.48,15.97,15.97,SUBAERIAL,,,s CV43 [4373],TONALITE [4373],,,,,,,,,PLUTONIC ROCK,,,,,WHOLE_ROCK [4373] ,282330.74,4674.852,,93783.2772,,39026.520000000004,,,42095.829999999994,15739.344,929.3496,,18014.255,21588.0387,829.1999000000001,,,,,,,,,,,,,,,,16200.000000000002,,,,,,,,,,,,,,,,,,,,,,,,,,,,,,106,,,,,,,,,,,,,87,332,26,194,15,,,,,,,,,,,,,722,,,,,,,,,,,,,,,,,,,,,,,,,23,,2.5,22.1,,,,0.71357,,,,,,,,,,,,,,,,,,,,,103634,
[4373],CONVERGENT MARGIN,AEOLIAN ARC / ITALY / CAPO VATICANO / BRIATICO UNIT / TYRRHENIAN SEA,,38.48,38.48,15.97,15.97,SUBAERIAL,,,s CV20 [4373],TONALITE [4373],,,,,,,,,PLUTONIC ROCK,,,,,WHOLE_ROCK [4373] ,282704.688,5034.455999999999,,90343.14570000001,,43852.38,,,39522.91,20262.143999999997,1084.2412000000002,,19923.6,18694.7964,1047.4104,,,,,,,,,,,,,,,,11500.,,,,,,,,,,,,,,,,,,,,,,,,,,,,,,114,,,,,,,,,,,,,70,283,23,171,14,,,,,,,,,,,,,739,31,69,,35,8,1.8,8.1,,7.1,,3.4,,2.6,0.49,,,,,,,,,,,27,,23.04,2.31,,,,,,18.555,,15.719,,38.997,,,,,,,,,,,,,,,103635,
[4373],CONVERGENT MARGIN,AEOLIAN ARC / ITALY / CAPO VATICANO / BRIATICO UNIT / TYRRHENIAN SEA,,38.48,38.48,15.97,15.97,SUBAERIAL,,,s CV85-1 [4373],TONALITE [4373],,,,,,,,,PLUTONIC ROCK,,,,,WHOLE_ROCK [4373] ,285789.759,4435.116,,94630.0788,,37697.659999999996,,,39594.38,15136.303999999998,851.9038,,18512.345,20920.3674,1265.6209,,,,,,,,,,,,,,,,13500.,,,,,,,,,,,,,,,,,,,,,,,,,,,,,,95,,,,,,,,,,,,,92,315,22,164,20,,,,,,,,,,,,,709,,,,,,,,,,,,,,,,,,,,,,,,,25,,2.1,18.6,,,,0.7139,,,,,,,,,,,,,,,,,,,,,103636,
[4373],CONVERGENT MARGIN,AEOLIAN ARC / ITALY / CAPO VATICANO / BRIATICO UNIT / TYRRHENIAN SEA,,38.48,38.48,15.97,15.97,SUBAERIAL,,,s CV240 [4373],TONALITE [4373],,,,,,,,,PLUTONIC ROCK,,,,,WHOLE_ROCK [4373] ,294250.3325,4674.852,,89231.71860000001,,40145.560000000005,,,32733.260000000002,18995.76,619.5664,,20753.75,16914.3396,829.1999000000001,,,,,,,,,,,,,,,,8800.,,,,,,,,,,,,,,,,,,,,,,,,,,,,,,91,,,,,,,,,,,,,85,305,9,173,16,,,,,,,,,,,,,776,,,,44,6.5,,,,,,,,,,,,,,,,,,,,31,,10.35,2.81,0.51203,,,0.71368,,18.486,,15.67,,39.35,,,,,,,,,,,,,,,103637,
[4373],CONVERGENT MARGIN,AEOLIAN ARC / ITALY / CAPO VATICANO / CAPO VATICANO UNIT / TYRRHENIAN SEA,,38.48,38.48,15.97,15.97,SUBAERIAL,,,s CV30 [4373],TONALITE [4373],,,,,,,,,PLUTONIC ROCK,,,,,WHOLE_ROCK [4373] ,287986.7035,4914.588,,86955.9393,,43922.32,,,34591.479999999996,18332.415999999997,697.0122,,20172.645,19362.467699999997,1047.4104,,,,,,,,,,,,,,,,16100.000000000002,,,,,,,,,,,,,,,,,,,,,,,,,,,,,,118,,,,,,,,,,,,,114,189,27,167,15,,,,,,,,,,,,,765,,,,,,,,,,,,,,,,,,,,,,,,,25,,3,12,,,,0.7177,,,,,,,,,,,,,,,,,,,,,103638,
[4373],CONVERGENT MARGIN,AEOLIAN ARC / ITALY / CAPO VATICANO / CAPO VATICANO UNIT / TYRRHENIAN SEA,,38.48,38.48,15.97,15.97,SUBAERIAL,,,s CV22 [4373],TONALITE [4373],,,,,,,,,PLUTONIC ROCK,,,,,WHOLE_ROCK [4373] ,290978.28750000003,4375.182,,89496.3441,,39725.92,,,34734.420000000006,14412.655999999999,619.5664,,20172.645,20920.3674,872.8420000000001,,,,,,,,,,,,,,,,16500.,,,,,,,,,,,,,,,,,,,,,,,,,,,,,,104,,,,,,,,,,,,,84,271,26,156,14,,,,,,,,,,,,,699,44,85,,38,7.1,1.3,5.6,,3.6,,1.6,,1.3,0.2,,,,,,,,,,,25,,2.8,13.9,,,,,,,,,,,,,,,,,,,,,,,,,103639,
[4373],CONVERGENT MARGIN,AEOLIAN ARC / ITALY / CAPO VATICANO / CAPO VATICANO UNIT / TYRRHENIAN SEA,,38.48,38.48,15.97,15.97,SUBAERIAL,,,s CV25 [4373],TONALITE [4373],,,,,,,,,PLUTONIC ROCK,,,,,WHOLE_ROCK [4373] ,300747.67900000006,4015.578,,86109.1377,,36019.100000000006,,,31875.62,13447.792,697.0122,,22580.08,21884.7815,785.5577999999999,,,,,,,,,,,,,,,,9300.,,,,,,,,,,,,,,,,,,,,,,,,,,,,,,71,,,,,,,,,,,,,82,283,28,170,11,,,,,,,,,,,,,842,,,,53,8,,,,,,,,,,,,,,,,,,,,27,,13.97,2.33,0.51211,,,0.7141,,18.419,,15.665,,39.593,,,,,,,,,,,,,,,103640,
[4373],CONVERGENT MARGIN,AEOLIAN ARC / ITALY / CAPO VATICANO / CAPO VATICANO UNIT / TYRRHENIAN SEA,,38.48,38.48,15.97,15.97,SUBAERIAL,,,s CV33 [4373],TONALITE [4373],,,,,,,,,PLUTONIC ROCK,,,,,WHOLE_ROCK [4373] ,301355.3445,4195.379999999999,,84415.5345,,36019.100000000006,,,31947.089999999997,14533.264,619.5664,,18014.255,21365.4816,829.1999000000001,,,,,,,,,,,,,,,,15200.,,,,,,,,,,,,,,,,,,,,,,,,,,,,,,86,,,,,,,,,,,,,74,289,15,157,12,,,,,,,,,,,,,684,,,,,,,,,,,,,,,,,,,,,,,,,,,,,,,,0.71357,,,,,,,,,,,,,,,,,,,,,103641,
[4373],CONVERGENT MARGIN,AEOLIAN ARC / ITALY / CAPO VATICANO / CAPO VATICANO UNIT / TYRRHENIAN SEA,,38.48,38.48,15.97,15.97,SUBAERIAL,,,s VC37 [4373],TONALITE [4373],,,,,,,,,PLUTONIC ROCK,,,,,WHOLE_ROCK [4373] ,314396.7810000001,3596.0399999999995,,81504.65400000001,,32452.159999999996,,,23728.039999999997,10734.112,697.0122,,24074.35,21365.4816,698.2736,,,,,,,,,,,,,,,,9700.,,,,,,,,,,,,,,,,,,,,,,,,,,,,,,57,,,,,,,,,,,,,87,271,26,214,15,,,,,,,,,,,,,802,,,,,,,,,,,,,,,,,,,,,,,,,,,,,,,,0.71404,,,,,,,,,,,,,,,,,,,,,103642,
[4373],CONVERGENT MARGIN,AEOLIAN ARC / ITALY / CAPO VATICANO / S.MARIA UNIT / TYRRHENIAN SEA,,38.48,38.48,15.97,15.97,SUBAERIAL,,,s CV85-2 [4373],TONALITE [4373],,,,,,,,,PLUTONIC ROCK,,,,,WHOLE_ROCK [4373] ,271813.4525,6053.334,,93306.9513,,50916.32,,,40737.9,21649.136,1006.7954,,19923.6,20104.324699999997,1134.6946,,,,,,,,,,,,,,,,11500.,,,,,,,,,,,,,,,,,,,,,,,,,,,,,,140,,,,,,,,,,,,,92,289,35,203,14,,,,,,,,,,,,,954,,,,,,,,,,,,,,,,,,,,,,,,,,,,,,,,0.71371,,,,,,,,,,,,,,,,,,,,,103643,
[4373],CONVERGENT MARGIN,AEOLIAN ARC / ITALY / CAPO VATICANO / S.MARIA UNIT / TYRRHENIAN SEA,,38.48,38.48,15.97,15.97,SUBAERIAL,,,s CV85-3 [4373],TONALITE [4373],,,,,,,,,PLUTONIC ROCK,,,,,WHOLE_ROCK [4373] ,274711.5495,4914.588,,102727.61910000001,,35529.520000000004,,,49457.24,15799.648,851.9038,,15274.76,24481.281,916.4841,,,,,,,,,,,,,,,,9100.,,,,,,,,,,,,,,,,,,,,,,,,,,,,,,99,,,,,,,,,,,,,61,370,25,191,,,,,,,,,,,,,,666,,,,,,,,,,,,,,,,,,,,,,,,,15,,1.6,7,,,,,,,,,,,,,,,,,,,,,,,,,103644,
[4373],CONVERGENT MARGIN,AEOLIAN ARC / ITALY / CAPO VATICANO / S.MARIA UNIT / TYRRHENIAN SEA,,38.48,38.48,15.97,15.97,SUBAERIAL,,,s CV302 [4373],TONALITE [4373],,,,,,,,,PLUTONIC ROCK,,,,,WHOLE_ROCK [4373] ,281021.922,5094.389999999999,,93889.1274,,43292.86,,,41952.89,17307.248,1006.7954,,16436.97,20771.996,916.4841,,,,,,,,,,,,,,,,12500.,,,,,,,,,,,,,,,,,,,,,,,,,,,,,,119,,,,,,,,,,,,,72,296,39,193,15,,,,,,,,,,,,,692,,,,,,,,,,,,,,,,,,,,,,,,,34,,15.48,1.95,,,,,,18.401,,15.675,,38.65,,,,,,,,,,,,,,,103645,
[4373],CONVERGENT MARGIN,AEOLIAN ARC / ITALY / CAPO VATICANO / S.MARIA UNIT / TYRRHENIAN SEA,,38.48,38.48,15.97,15.97,SUBAERIAL,,,s CV85-9 [4373],TONALITE [4373],,,,,,,,,PLUTONIC ROCK,,,,,WHOLE_ROCK [4373] ,282844.9185,4974.521999999999,,96006.13140000001,,38397.060000000005,,,41238.189999999995,15679.039999999999,851.9038,,15938.88,22923.381299999997,1265.6209,,,,,,,,,,,,,,,,12500.,,,,,,,,,,,,,,,,,,,,,,,,,,,,,,112,,,,,,,,,,,,,64,345,19,138,14,,,,,,,,,,,,,731,,,,,,,,,,,,,,,,,,,,,,,,,,,,,,,,0.71335,,,,,,,,,,,,,,,,,,,,,103646,
[4373],CONVERGENT MARGIN,AEOLIAN ARC / ITALY / CAPO VATICANO / S.MARIA UNIT / TYRRHENIAN SEA,,38.48,38.48,15.97,15.97,SUBAERIAL,,,s CV85-8 [4373],TONALITE [4373],,,,,,,,,PLUTONIC ROCK,,,,,WHOLE_ROCK [4373] ,284901.6325,5034.455999999999,,89655.11940000001,,43642.560000000005,,,41166.72,17608.768,1006.7954,,17516.164999999997,20326.8818,1134.6946,,,,,,,,,,,,,,,,11299.999999999998,,,,,,,,,,,,,,,,,,,,,,,,,,,,,,122,,,,,,,,,,,,,75,286,41,182,14,,,,,,,,,,,,,827,,,,,,,,,,,,,,,,,,,,,,,,,,,,,,,,0.713135,,,,,,,,,,,,,,,,,,,,,103647,
[4373],CONVERGENT MARGIN,AEOLIAN ARC / ITALY / CAPO VATICANO / S.MARIA UNIT / TYRRHENIAN SEA,,38.48,38.48,15.97,15.97,SUBAERIAL,,,s CV85-6 [4373],TONALITE [4373],,,,,,,,,PLUTONIC ROCK,,,,,WHOLE_ROCK [4373] ,290464.109,4315.248,,92142.5991,,37557.78,,,40237.61,16402.688000000002,1084.2412000000002,,13199.385,20697.8103,1047.4104,,,,,,,,,,,,,,,,12500.,,,,,,,,,,,,,,,,,,,,,,,,,,,,,,108,,,,,,,,,,,,,68,311,31,180,18,,,,,,,,,,,,,666,,,,,,,,,,,,,,,,,,,,,,,,,,,,,,,,,,,,,,,,,,,,,,,,,,,,,103648,
[4373],CONVERGENT MARGIN,AEOLIAN ARC / ITALY / CALABRIA / IOPPOLO UNIT / TYRRHENIAN SEA,CAPO VATICANO,38.48,38.48,15.97,15.97,SUBAERIAL,,,s CV85-13 [4373],TONALITE [4373],,,,,,,,,PLUTONIC ROCK,,,,,WHOLE_ROCK [4373] ,278264.0555,5573.862,,92195.52420000001,,43572.62,,,43596.7,18694.239999999998,1006.7954,,18180.285,19510.839099999997,1396.5472,,,,,,,,,,,,,,,,13700.000000000002,,,,,,,,,,,,,,,,,,,,,,,,,,,,,,125,,,,,,,,,,,,,76,315,28,186,15,,,,,,,,,,,,,762,,,,,,,,,,,,,,,,,,,,,,,,,,,2.6,21.6,,,,0.71289,,,,,,,,,,,,,,,,,,,,,103649,
[4373],CONVERGENT MARGIN,AEOLIAN ARC / ITALY / CALABRIA / IOPPOLO UNIT / TYRRHENIAN SEA,CAPO VATICANO,38.48,38.48,15.97,15.97,SUBAERIAL,,,s CV405 [4373],TONALITE [4373],,,,,,,,,PLUTONIC ROCK,,,,,WHOLE_ROCK [4373] ,277656.39,5034.455999999999,,94365.4533,,42453.58,,,42810.53,19900.319999999996,619.5664,,17184.105,19659.210499999997,829.1999000000001,,,,,,,,,,,,,,,,14800.,,,,,,,,,,,,,,,,,,,,,,,,,,,,,,121,,,,,,,,,,,,,70,346,32,220,15,,,,,,,,,,,,,708,11,30,,21.5,5.4,1.4,5.7,,5.4,,2.8,,2.4,0.41,,,,,,,,,,,27,,21.6,2.63,0.51223,,,0.71242,,18.458,,15.658,,38.493,,,,,,,,,,,,,,,103650,
[4373],CONVERGENT MARGIN,AEOLIAN ARC / ITALY / CALABRIA / IOPPOLO UNIT / TYRRHENIAN SEA,CAPO VATICANO,38.48,38.48,15.97,15.97,SUBAERIAL,,,s CV85-10 [4373],TONALITE [4373],,,,,,,,,PLUTONIC ROCK,,,,,WHOLE_ROCK [4373] ,289155.291,4195.379999999999,,91401.6477,,33850.96,,,34734.420000000006,15256.911999999998,929.3496,,16104.91,23145.9384,1352.9051,,,,,,,,,,,,,,,,24500.,,,,,,,,,,,,,,,,,,,,,,,,,,,,,,105,,,,,,,,,,,,,86,273,20,183,17,,,,,,,,,,,,,754,,,,,,,,,,,,,,,,,,,,,,,,,,,,,,,,0.71368,,,,,,,,,,,,,,,,,,,,,103651,
[4373],CONVERGENT MARGIN,AEOLIAN ARC / ITALY / CALABRIA / IOPPOLO UNIT / TYRRHENIAN SEA,CAPO VATICANO,38.48,38.48,15.97,15.97,SUBAERIAL,,,s CV332 [4373],TONALITE [4373],,,,,,,,,PLUTONIC ROCK,,,,,WHOLE_ROCK [4373] ,301682.54900000006,3715.908,,85791.5871,,36089.04,,,35163.24,16885.12,542.1206000000001,,15274.76,20697.8103,610.9894,,,,,,,,,,,,,,,,9100.,,,,,,,,,,,,,,,,,,,,,,,,,,,,,,115,,,,,,,,,,,,,64,303,27,146,9,,,,,,,,,,,,,555,15,36,,23,5.7,1.3,5.9,,5.3,,2.3,,1.5,0.25,,,,,,,,,,,,,,,,,,,,,,,,,,,,,,,,,,,,,,,103652,
[4373],CONVERGENT MARGIN,AEOLIAN ARC / ITALY / CALABRIA / IOPPOLO UNIT / TYRRHENIAN SEA,CAPO VATICANO,38.48,38.48,15.97,15.97,SUBAERIAL,,,s CV319 [4373],TONALITE [4373],,,,,,,,,PLUTONIC ROCK,,,,,WHOLE_ROCK [4373] ,303271.828,4075.512,,87220.56480000001,,33850.96,,,31661.21,12844.751999999999,697.0122,,20006.615,21662.2244,741.9157,,,,,,,,,,,,,,,,7800.,,,,,,,,,,,,,,,,,,,,,,,,,,,,,,80,,,,,,,,,,,,,80,280,28,196,14,,,,,,,,,,,,,642,41,76,,37,6.6,1.5,,0.8,,,,,2.1,0.26,,,,,,,,,,,27,,16.26,2.56,,,,0.7134,,18.546,,15.687,,39.168,,,,,,,,,,,,,,,103653,
[4673],CONVERGENT MARGIN,AEOLIAN ARC / ITALY / STROMBOLI / STROMBOLI / TYRRHENIAN SEA,,38.79,38.79,15.21,15.21,SUBAERIAL,,,s STR7 [4673],"ANDESITE, BASALTIC [4673]",,,,,,,,,VOLCANIC ROCK,,,,,WHOLE_ROCK [4673] ,254144.4095,4674.852,,95847.3561,,17904.64,34978.5,,65037.7,32322.944,1084.2412000000002,,14610.64,20104.324699999997,1352.9051,,,,,,,,,,,,,,,,2400.,,,,,,,,,,,,,,,,,,,,,,,,,,,,,,,,,,,33,,,,,,,,48,603,17,131,17,,,,,,,,,,,,,644,,64,,,,,,,,,,,,,,,,,,,,,,,,,,,,,,,,,,,,,,,,,,,,,,,,,,,106653,
[4673],CONVERGENT MARGIN,AEOLIAN ARC / ITALY / STROMBOLI / STROMBOLI / TYRRHENIAN SEA,,38.79,38.79,15.21,15.21,SUBAERIAL,,,s STR167 [4673],"ANDESITE, BASALTIC [4673]",,,,,,,,,VOLCANIC ROCK,,,,,WHOLE_ROCK [4673] ,254144.4095,4195.379999999999,,86955.9393,,17065.36,40341.87,,66681.51,39016.687999999995,1161.687,,14029.535,17136.8967,785.5577999999999,,,,,,,,,,,,,,,,6200.,,,,,,,,,,,,,,,,,,,,,,,,,,,,,,,,,,,54,,,,,,,,46,471,20,139,6,,,,,,,,,,,,,,,,,,,,,,,,,,,,,,,,,,,,,,,,,,,,,,,,,,,,,,,,,,,,,,,,,,106654,
[4673],CONVERGENT MARGIN,AEOLIAN ARC / ITALY / STROMBOLI / STROMBOLI / TYRRHENIAN SEA,,38.79,38.79,15.21,15.21,SUBAERIAL,,,s STR113 [4673],"ANDESITE, BASALTIC [4673]",,,,,,,,,VOLCANIC ROCK,,,,,WHOLE_ROCK [4673] ,254237.89650000003,4135.445999999999,,82616.0811,,14967.160000000002,40963.71,,67396.20999999999,41006.719999999994,1161.687,,12950.34,20623.6246,872.8420000000001,,,,,,,,,,,,,,,,9200.,,,,,,,,,,,,,,,,,,,,,,,,,,,,,,,,,,,57,,,,,,,,45,533,23,118,10,,,,,,,,,,,,,522,,57,,,,,,,,,,,,,,,,,,,,,,,,,,,,,,,,,,,,,,,,,,,,,,,,,,,106655,
[4673],CONVERGENT MARGIN,AEOLIAN ARC / ITALY / STROMBOLI / STROMBOLI / TYRRHENIAN SEA,,38.79,38.79,15.21,15.21,SUBAERIAL,,,s STR135 [4673],"ANDESITE, BASALTIC [4673]",,,,,,,,,VOLCANIC ROCK,,,,,WHOLE_ROCK [4673] ,254518.35750000004,4255.313999999999,,86744.23890000001,,21611.46,35755.799999999996,,64680.350000000006,36966.352,1161.687,,14195.565,18398.0536,872.8420000000001,,,,,,,,,,,,,,,,9500.,,,,,,,,,,,,,,,,,,,,,,,,,,,,,,,,,,,46,,,,,,,,45,546,21,132,15,,,,,,,,,,,,,,,,,,,,,,,,,,,,,,,,,,,,,,,,,,,,,,,,,,,,,,,,,,,,,,,,,,106656,
[4673],CONVERGENT MARGIN,AEOLIAN ARC / ITALY / STROMBOLI / STROMBOLI / TYRRHENIAN SEA,,38.79,38.79,15.21,15.21,SUBAERIAL,,,s STR166 [4673],"ANDESITE, BASALTIC [4673]",,,,,,,,,VOLCANIC ROCK,,,,,WHOLE_ROCK [4673] ,255686.94500000004,4135.445999999999,,83780.4333,,20702.239999999998,37932.24,,67682.09000000001,39981.551999999996,1239.1328,,12701.295,17136.8967,785.5577999999999,,,,,,,,,,,,,,,,6100.,,,,,,,,,,,,,,,,,,,,,,,,,,,,,,,,,,,60,,,,,,,,43,535,21,123,12,,,,,,,,,,,,,,,,,,,,,,,,,,,,,,,,,,,,,,,,,,,,,,,,,,,,,,,,,,,,,,,,,,106657,
[4673],CONVERGENT MARGIN,AEOLIAN ARC / ITALY / STROMBOLI / STROMBOLI / TYRRHENIAN SEA,,38.79,38.79,15.21,15.21,SUBAERIAL,,,s STR92 [4673],"ANDESITE, BASALTIC [4673]",,,,,,,,,VOLCANIC ROCK,,,,,WHOLE_ROCK [4673] ,256247.86700000003,4435.116,,90025.5951,,15107.04,44150.64,,65895.34000000001,32021.423999999995,1239.1328,,13863.505,18027.1251,785.5577999999999,,,,,,,,,,,,,,,,5699.999999999999,,,,,,,,,,,,,,,,,,,,,,,,,,,,,,,,,,,37,,,,,,,,50,550,19,125,9,,,,,,,,,,,,,541,,54,,,,,,,,,,,,,,,,,,,,,,,,,,,,,,,,,,,,,,,,,,,,,,,,,,,106658,
[4673],CONVERGENT MARGIN,AEOLIAN ARC / ITALY / STROMBOLI / STROMBOLI / TYRRHENIAN SEA,,38.79,38.79,15.21,15.21,SUBAERIAL,,,s STR160 [4673],"ANDESITE, BASALTIC [4673]",,,,,,,,,VOLCANIC ROCK,,,,,WHOLE_ROCK [4673] ,256247.86700000003,4135.445999999999,,85209.41100000001,,12519.26,44150.64,,66538.57,39016.687999999995,1161.687,,13365.415,17136.8967,741.9157,,,,,,,,,,,,,,,,8300.,,,,,,,,,,,,,,,,,,,,,,,,,,,,,,,,,,,53,,,,,,,,45,497,21,124,15,,,,,,,,,,,,,,,,,,,,,,,,,,,,,,,,,,,,,,,,,,,,,,,,,,,,,,,,,,,,,,,,,,106659,
[4673],CONVERGENT MARGIN,AEOLIAN ARC / ITALY / STROMBOLI / STROMBOLI / TYRRHENIAN SEA,,38.79,38.79,15.21,15.21,SUBAERIAL,,,s STR38 [4673],"ANDESITE, BASALTIC [4673]",,,,,,,,,VOLCANIC ROCK,,,,,WHOLE_ROCK [4673] ,260595.0125,4195.379999999999,,87749.8158,,11540.099999999999,44150.64,,63965.649999999994,32021.423999999995,1161.687,,13448.43,18027.1251,567.3473,,,,,,,,,,,,,,,,9800.,,,,,,,,,,,,,,,,,,,,,,,,,,,,,,,,,,,37,,,,,,,,47,538,24,125,11,,,,,,,,,,,,,542,,62,,,,,,,,,,,,,,,,,,,,,,,,,,,,,,,,,,,,,,,,,,,,,,,,,,,106660,
[4673],CONVERGENT MARGIN,AEOLIAN ARC / ITALY / STROMBOLI / STROMBOLI / TYRRHENIAN SEA,,38.79,38.79,15.21,15.21,SUBAERIAL,,,s STR228 [4673],"ANDESITE, BASALTIC [4673]",,,,,,,,,VOLCANIC ROCK,,,,,WHOLE_ROCK [4673] ,260875.47350000002,4015.578,,85368.1863,,54623.14,,,64751.82000000001,37207.568,1161.687,,13199.385,17062.711,1091.0525,,,,,,,,,,,,,,,,600.,,,,,,,,,,,,,,,,,,,,,,,,,,,,,,,,,,,,,,,,,,,,,,,,,,,,,,,,,,,,,,,,,,,,,,,,,,,,,,,,,,,,,,,,,,,,,,,,,,,,,,,,,,,,,,,,,106661,
[4673],CONVERGENT MARGIN,AEOLIAN ARC / ITALY / STROMBOLI / STROMBOLI / TYRRHENIAN SEA,,38.79,38.79,15.21,15.21,SUBAERIAL,,,s STR65 [4673],"ANDESITE, BASALTIC [4673]",,,,,,,,,VOLCANIC ROCK,,,,,WHOLE_ROCK [4673] ,261903.83050000004,4075.512,,84891.8604,,8952.32,46638,,65252.11000000001,36966.352,1161.687,,13614.46,16172.482600000001,567.3473,,,,,,,,,,,,,,,,5600.000000000001,,,,,,,,,,,,,,,,,,,,,,,,,,,,,,,,,,,50,,,,,,,,46,516,18,123,11,,,,,,,,,,,,,509,,58,,,,,,,,,,,,,,,,,,,,,,,,,,,,,,,,,,,,,,,,,,,,,,,,,,,106662,
[4673],CONVERGENT MARGIN,AEOLIAN ARC / ITALY / STROMBOLI / STROMBOLI / TYRRHENIAN SEA,,38.79,38.79,15.21,15.21,SUBAERIAL,,,s STR91 [4673],"ANDESITE, BASALTIC [4673]",,,,,,,,,VOLCANIC ROCK,,,,,WHOLE_ROCK [4673] ,262418.009,4255.313999999999,,81610.5042,,12589.2,44150.64,,65966.81,37991.52,1161.687,,13448.43,16543.411099999998,741.9157,,,,,,,,,,,,,,,,5000.,,,,,,,,,,,,,,,,,,,,,,,,,,,,,,,,,,,51,,,,,,,,41,509,21,117,8,,,,,,,,,,,,,,,,,,,,,,,,,,,,,,,,,,,,,,,,,,,,,,,,,,,,,,,,,,,,,,,,,,106663,
[4673],CONVERGENT MARGIN,AEOLIAN ARC / ITALY / STROMBOLI / STROMBOLI / TYRRHENIAN SEA,,38.79,38.79,15.21,15.21,SUBAERIAL,,,s STR122 [4673],"ANDESITE, BASALTIC [4673]",,,,,,,,,VOLCANIC ROCK,,,,,WHOLE_ROCK [4673] ,262791.957,3596.0399999999995,,82139.7552,,9581.78,43839.719999999994,,62250.37,39981.551999999996,1084.2412000000002,,12784.31,19881.7676,741.9157,,,,,,,,,,,,,,,,7500.,,,,,,,,,,,,,,,,,,,,,,,,,,,,,,,,,,,52,,,,,,,,41,508,22,116,14,,,,,,,,,,,,,,,,,,,,,,,,,,,,,,,,,,,,,,,,,,,,,,,,,,,,,,,,,,,,,,,,,,106664,
[4673],CONVERGENT MARGIN,AEOLIAN ARC / ITALY / STROMBOLI / STROMBOLI / TYRRHENIAN SEA,,38.79,38.79,15.21,15.21,SUBAERIAL,,,s STR101 [4673],"ANDESITE, BASALTIC [4673]",,,,,,,,,VOLCANIC ROCK,,,,,WHOLE_ROCK [4673] ,240962.7425,5573.862,,92565.9999,,33081.62,30470.16,,72256.17,30996.255999999998,1239.1328,,16187.925,19510.839099999997,1396.5472,,,,,,,,,,,,,,,,10100.,,,,,,,,,,,,,,,,,,,,,,,,,,,,,,,,,,,32,,,,,,,,56,703,24,138,17,,,,,,,,,,,,,851,,81,,,,,,,,,,,,,,,,,,,,,,,,,,,,,,,,,,,,,,,,,,,,,,,,,,,106665,
[4673],CONVERGENT MARGIN,AEOLIAN ARC / ITALY / STROMBOLI / STROMBOLI / TYRRHENIAN SEA,,38.79,38.79,15.21,15.21,SUBAERIAL,,,s STR31 [4673],"ANDESITE, BASALTIC [4673]",,,,,,,,,VOLCANIC ROCK,,,,,WHOLE_ROCK [4673] ,242037.84300000002,4734.786,,96164.9067,,11749.92,44150.64,,71184.12000000001,42996.75199999999,1084.2412000000002,,16436.97,17136.8967,916.4841,,,,,,,,,,,,,,,,1200.,,,,,,,,,,,,,,,,,,,,,,,,,,,,,,,,,,,61,,,,,,,,57,502,20,119,19,,,,,,,,,,,,,812,,62,,,,,,,,,,,,,,,,,,,,,,,,,,,,,,,,,,,,,,,,,,,,,,,,,,,106666,
[4673],CONVERGENT MARGIN,AEOLIAN ARC / ITALY / STROMBOLI / STROMBOLI / TYRRHENIAN SEA,,38.79,38.79,15.21,15.21,SUBAERIAL,,,s STR156 [4673],"ANDESITE, BASALTIC [4673]",,,,,,,,,VOLCANIC ROCK,,,,,WHOLE_ROCK [4673] ,245216.401,5693.73,,105215.09879999999,,21121.88,34745.31,,67110.33,22975.824,1084.2412000000002,,18678.375,21142.9245,1702.0419000000002,,,,,,,,,,,,,,,,3200.,,,,,,,,,,,,,,,,,,,,,,,,,,,,,,,,,,,18,,,,,,,,56,727,32,160,20,,,,,,,,,,,,,,,,,,,,,,,,,,,,,,,,,,,,,,,,,,,,,,,,,,,,,,,,,,,,,,,,,,106667,
[4673],CONVERGENT MARGIN,AEOLIAN ARC / ITALY / STROMBOLI / STROMBOLI / TYRRHENIAN SEA,,38.79,38.79,15.21,15.21,SUBAERIAL,,,s STR8 [4673],"ANDESITE, BASALTIC [4673]",,,,,,,,,VOLCANIC ROCK,,,,,WHOLE_ROCK [4673] ,247460.089,4734.786,,98070.2103,,15386.800000000001,39720.030000000006,,68253.85,32322.944,1161.687,,14942.7,21217.1102,916.4841,,,,,,,,,,,,,,,,4300.,,,,,,,,,,,,,,,,,,,,,,,,,,,,,,,,,,,32,,,,,,,,51,635,22,129,20,,,,,,,,,,,,,637,,65,,,,,,,,,,,,,,,,,,,,,,,,,,,,,,,,,,,,,,,,,,,,,,,,,,,106668,
[4673],CONVERGENT MARGIN,AEOLIAN ARC / ITALY / STROMBOLI / STROMBOLI / TYRRHENIAN SEA,,38.79,38.79,15.21,15.21,SUBAERIAL,,,s STR164 [4673],"ANDESITE, BASALTIC [4673]",,,,,,,,,VOLCANIC ROCK,,,,,WHOLE_ROCK [4673] ,248021.01100000003,5394.0599999999995,,99552.1131,,19093.62,37310.4,,64108.590000000004,27981.055999999997,1161.687,,19508.525,21439.6673,1352.9051,,,,,,,,,,,,,,,,3700.,,,,,,,,,,,,,,,,,,,,,,,,,,,,,,,,,,,22,,,,,,,,65,638,28,167,22,,,,,,,,,,,,,,,,,,,,,,,,,,,,,,,,,,,,,,,,,,,,,,,,,,,,,,,,,,,,,,,,,,106669,
[4673],CONVERGENT MARGIN,AEOLIAN ARC / ITALY / STROMBOLI / STROMBOLI / TYRRHENIAN SEA,,38.79,38.79,15.21,15.21,SUBAERIAL,,,s STR163 [4673],"ANDESITE, BASALTIC [4673]",,,,,,,,,VOLCANIC ROCK,,,,,WHOLE_ROCK [4673] ,249423.31600000002,4674.852,,96429.5322,,21821.280000000002,34123.469999999994,,66752.98,30996.255999999998,1084.2412000000002,,14527.625,21958.9672,1396.5472,,,,,,,,,,,,,,,,4200.,,,,,,,,,,,,,,,,,,,,,,,,,,,,,,,,,,,37,,,,,,,,43,691,26,119,13,,,,,,,,,,,,,,,,,,,,,,,,,,,,,,,,,,,,,,,,,,,,,,,,,,,,,,,,,,,,,,,,,,106670,
[4673],CONVERGENT MARGIN,AEOLIAN ARC / ITALY / STROMBOLI / STROMBOLI / TYRRHENIAN SEA,,38.79,38.79,15.21,15.21,SUBAERIAL,,,s STR26 [4673],"ANDESITE, BASALTIC [4673]",,,,,,,,,VOLCANIC ROCK,,,,,WHOLE_ROCK [4673] ,249563.54650000003,5154.324,,93730.3521,,21961.16,31636.11,,65180.63999999999,34795.407999999996,1161.687,,20172.645,20104.324699999997,1178.3367,,,,,,,,,,,,,,,,3300.,,,,,,,,,,,,,,,,,,,,,,,,,,,,,,,,,,,51,,,,,,,,65,653,40,115,32,,,,,,,,,,,,,874,,94,,,,,,,,,,,,,,,,,,,,,,,,,,,,,,,,,,,,,,,,,,,,,,,,,,,106671,
[4673],CONVERGENT MARGIN,AEOLIAN ARC / ITALY / STROMBOLI / STROMBOLI / TYRRHENIAN SEA,,38.79,38.79,15.21,15.21,SUBAERIAL,,,s STR39 [4673],"ANDESITE, BASALTIC [4673]",,,,,,,,,VOLCANIC ROCK,,,,,WHOLE_ROCK [4673] ,254424.87050000002,5513.928,,91877.9736,,16505.84,39409.11,,64608.88,29006.223999999995,1161.687,,17101.09,20846.1817,1091.0525,,,,,,,,,,,,,,,,6800.000000000001,,,,,,,,,,,,,,,,,,,,,,,,,,,,,,,,,,,37,,,,,,,,65,544,26,171,16,,,,,,,,,,,,,711,,84,,,,,,,,,,,,,,,,,,,,,,,,,,,,,,,,,,,,,,,,,,,,,,,,,,,106672,
[4673],CONVERGENT MARGIN,AEOLIAN ARC / ITALY / STROMBOLI / STROMBOLI / TYRRHENIAN SEA,,38.79,38.79,15.21,15.21,SUBAERIAL,,,s STR95 [4673],"ANDESITE, BASALTIC [4673]",,,,,,,,,VOLCANIC ROCK,,,,,WHOLE_ROCK [4673] ,258211.09400000004,5334.126,,97064.6334,,16226.079999999998,36688.56,,55532.189999999995,27981.055999999997,1084.2412000000002,,15274.76,22700.8242,1134.6946,,,,,,,,,,,,,,,,7300.,,,,,,,,,,,,,,,,,,,,,,,,,,,,,,,,,,,41,,,,,,,,53,554,25,145,20,,,,,,,,,,,,,573,,85,,,,,,,,,,,,,,,,,,,,,,,,,,,,,,,,,,,,,,,,,,,,,,,,,,,106673,
[4673],CONVERGENT MARGIN,AEOLIAN ARC / ITALY / STROMBOLI / STROMBOLI / TYRRHENIAN SEA,,38.79,38.79,15.21,15.21,SUBAERIAL,,,s STR93 [4673],"ANDESITE, BASALTIC [4673]",,,,,,,,,VOLCANIC ROCK,,,,,WHOLE_ROCK [4673] ,258725.27250000002,5334.126,,97752.6597,,13988,37621.32,,52601.920000000006,27981.055999999997,1006.7954,,16187.925,23961.981099999997,1134.6946,,,,,,,,,,,,,,,,8600.,,,,,,,,,,,,,,,,,,,,,,,,,,,,,,,,,,,34,,,,,,,,60,561,26,154,20,,,,,,,,,,,,,592,,90,,,,,,,,,,,,,,,,,,,,,,,,,,,,,,,,,,,,,,,,,,,,,,,,,,,106674,
[4673],CONVERGENT MARGIN,AEOLIAN ARC / ITALY / STROMBOLI / STROMBOLI / TYRRHENIAN SEA,,38.79,38.79,15.21,15.21,SUBAERIAL,,,s STR216 [4673],"ANDESITE, BASALTIC [4673]",,,,,,,,,VOLCANIC ROCK,,,,,WHOLE_ROCK [4673] ,261810.34350000002,4794.72,,94365.4533,,47349.38,,,60820.97,19960.624,1084.2412000000002,,24489.425000000003,24332.9096,1745.6840000000002,,,,,,,,,,,,,,,,0,,,,,,,,,,,,,,,,,,,,,,,,,,,,,,,,,,,,,,,,,,,,,,,,,,,,,,,,,,,,,,,,,,,,,,,,,,,,,,,,,,,,,,,,,,,,,,,,,,,,,,,,,,,,,,,,,106675,
[4673],CONVERGENT MARGIN,AEOLIAN ARC / ITALY / STROMBOLI / STROMBOLI / TYRRHENIAN SEA,,38.79,38.79,15.21,15.21,SUBAERIAL,,,s STR161 [4673],"ANDESITE, BASALTIC [4673]",,,,,,,,,VOLCANIC ROCK,,,,,WHOLE_ROCK [4673] ,264334.4925,5513.928,,93783.2772,,21401.64,30159.239999999998,,51958.689999999995,21950.656,1084.2412000000002,,22663.095,26039.180699999997,1396.5472,,,,,,,,,,,,,,,,2600.,,,,,,,,,,,,,,,,,,,,,,,,,,,,,,,,,,,13,,,,,,,,78,643,30,202,23,,,,,,,,,,,,,,,,,,,,,,,,,,,,,,,,,,,,,,,,,,,,,,,,,,,,,,,,,,,,,,,,,,106677,
[4673],CONVERGENT MARGIN,AEOLIAN ARC / ITALY / STROMBOLI / STROMBOLI / TYRRHENIAN SEA,,38.79,38.79,15.21,15.21,SUBAERIAL,,,s STR77 [4673],"ANDESITE, BASALTIC [4673]",,,,,,,,,VOLCANIC ROCK,,,,,WHOLE_ROCK [4673] ,273215.7575,5034.455999999999,,91930.8987,,13988,33501.63,,49886.060000000005,20925.488,1084.2412000000002,,21749.93,21142.9245,1003.7683000000001,,,,,,,,,,,,,,,,6800.000000000001,,,,,,,,,,,,,,,,,,,,,,,,,,,,,,,,,,,13,,,,,,,,81,500,29,197,15,,,,,,,,,,,,,789,,87,,,,,,,,,,,,,,,,,,,,,,,,,,,,,,,,,,,,,,,,,,,,,,,,,,,106678,
[4673],CONVERGENT MARGIN,AEOLIAN ARC / ITALY / STROMBOLI / STROMBOLI / TYRRHENIAN SEA,,38.79,38.79,15.21,15.21,SUBAERIAL,,,s STR42 [4673],"ANDESITE, BASALTIC [4673]",,,,,,,,,VOLCANIC ROCK,,,,,WHOLE_ROCK [4673] ,273309.24450000003,4734.786,,92830.6254,,11819.859999999999,32879.79,,52030.16,18935.456,1006.7954,,21417.87,23887.7954,960.1262,,,,,,,,,,,,,,,,6400.,,,,,,,,,,,,,,,,,,,,,,,,,,,,,,,,,,,14,,,,,,,,84,510,25,195,19,,,,,,,,,,,,,816,,85,,,,,,,,,,,,,,,,,,,,,,,,,,,,,,,,,,,,,,,,,,,,,,,,,,,106679,
[4673],CONVERGENT MARGIN,AEOLIAN ARC / ITALY / STROMBOLI / STROMBOLI / TYRRHENIAN SEA,,38.79,38.79,15.21,15.21,SUBAERIAL,,,s STR79 [4673],"ANDESITE, BASALTIC [4673]",,,,,,,,,VOLCANIC ROCK,,,,,WHOLE_ROCK [4673] ,275085.49750000006,4794.72,,90554.8461,,15596.619999999999,30159.239999999998,,49314.3,19960.624,1084.2412000000002,,21583.9,22923.381299999997,1047.4104,,,,,,,,,,,,,,,,8100.000000000001,,,,,,,,,,,,,,,,,,,,,,,,,,,,,,,,,,,13,,,,,,,,87,506,26,194,17,,,,,,,,,,,,,,,,,,,,,,,,,,,,,,,,,,,,,,,,,,,,,,,,,,,,,,,,,,,,,,,,,,106680,
[4673],CONVERGENT MARGIN,AEOLIAN ARC / ITALY / STROMBOLI / STROMBOLI / TYRRHENIAN SEA,,38.79,38.79,15.21,15.21,SUBAERIAL,,,s STR120 [4673],"ANDESITE, BASALTIC [4673]",,,,,,,,,VOLCANIC ROCK,,,,,WHOLE_ROCK [4673] ,275085.49750000006,4195.379999999999,,89919.74489999999,,23639.719999999998,18655.2,,41667.01,16945.424,1084.2412000000002,,24157.365,22033.1529,1091.0525,,,,,,,,,,,,,,,,27000.,,,,,,,,,,,,,,,,,,,,,,,,,,,,,,,,,,,15,,,,,,,,99,537,30,238,22,,,,,,,,,,,,,,,,,,,,,,,,,,,,,,,,,,,,,,,,,,,,,,,,,,,,,,,,,,,,,,,,,,106681,
[4673],CONVERGENT MARGIN,AEOLIAN ARC / ITALY / STROMBOLI / STROMBOLI / TYRRHENIAN SEA,,38.79,38.79,15.21,15.21,SUBAERIAL,,,s STR137 [4673],"ANDESITE, BASALTIC [4673]",,,,,,,,,VOLCANIC ROCK,,,,,WHOLE_ROCK [4673] ,275365.9585,4435.116,,95794.43100000001,,19793.02,23319,,43668.170000000006,17910.288,1084.2412000000002,,24655.455,24481.281,1091.0525,,,,,,,,,,,,,,,,6300.,,,,,,,,,,,,,,,,,,,,,,,,,,,,,,,,,,,7,,,,,,,,97,490,25,204,19,,,,,,,,,,,,,,,,,,,,,,,,,,,,,,,,,,,,,,,,,,,,,,,,,,,,,,,,,,,,,,,,,,106682,
[4673],CONVERGENT MARGIN,AEOLIAN ARC / ITALY / STROMBOLI / STROMBOLI / TYRRHENIAN SEA,,38.79,38.79,15.21,15.21,SUBAERIAL,,,s STR112 [4673],"ANDESITE, BASALTIC [4673]",,,,,,,,,VOLCANIC ROCK,,,,,WHOLE_ROCK [4673] ,278965.20800000004,3236.436,,82457.3058,,12099.619999999999,19898.88,,29517.11,8924.992,1006.7954,,26896.86,38502.378300000004,1134.6946,,,,,,,,,,,,,,,,54000.,,,,,,,,,,,,,,,,,,,,,,,,,,,,,,,,,,,5,,,,,,,,115,470,24,256,21,,,,,,,,,,,,,828,,93,,,,,,,,,,,,,,,,,,,,,,,,,,,,,,,,,,,,,,,,,,,,,,,,,,,106683,
[4673],CONVERGENT MARGIN,AEOLIAN ARC / ITALY / STROMBOLI / STROMBOLI / TYRRHENIAN SEA,,38.79,38.79,15.21,15.21,SUBAERIAL,,,s STR208 [4673],"ANDESITE, BASALTIC [4673]",,,,,,,,,VOLCANIC ROCK,,,,,WHOLE_ROCK [4673] ,280040.3085,4435.116,,94524.2286,,41334.54,,,42453.18,17005.728,1006.7954,,24240.38,26335.923499999997,,,,,,,,,,,,,,,,,2100.,,,,,,,,,,,,,,,,,,,,,,,,,,,,,,,,,,,,,,,,,,,92,492,28,209,23,,,,,,,,,,,,,,,,,,,,,,,,,,,,,,,,,,,,,,,,,,,,,,,,,,,,,,,,,,,,,,,,,,106684,
[4673],CONVERGENT MARGIN,AEOLIAN ARC / ITALY / STROMBOLI / STROMBOLI / TYRRHENIAN SEA,,38.79,38.79,15.21,15.21,SUBAERIAL,,,s STR201 [4673],SHOSHONITE [4673],,,,,,,,,VOLCANIC ROCK,,,,,WHOLE_ROCK [4673] ,229463.84150000004,5753.664,,90978.24690000001,,29934.320000000003,37310.4,,81118.45,35760.272,1316.5786,,14859.685,14985.5114,1876.6103,,,,,,,,,,,,,,,,19400.,,,,,,,,,,,,,,,,,,,,,,,,,,,,,,,,,,,30,,,,,,,,24,676,26,160,19,,,,,,,,,,,,,1212,,84,,,,,,,,,,,,,,,,,,,,,,,,,,,,,,,,,,,,,,,,,,,,,,,,,,,106685,
[4673],CONVERGENT MARGIN,AEOLIAN ARC / ITALY / STROMBOLI / STROMBOLI / TYRRHENIAN SEA,,38.79,38.79,15.21,15.21,SUBAERIAL,,,s STR150 [4673],SHOSHONITE [4673],,,,,,,,,VOLCANIC ROCK,,,,,WHOLE_ROCK [4673] ,239747.41150000002,5094.389999999999,,96429.5322,,26577.199999999997,31325.190000000002,,71755.87999999999,34976.32,1161.687,,21085.81,18101.3108,1920.2524,,,,,,,,,,,,,,,,3200.,,,,,,,,,,,,,,,,,,,,,,,,,,,,,,,,,,,40,,,,,,,,72,758,29,183,26,,,,,,,,,,,,,1109,,103,,,,,,,,,,,,,,,,,,,,,,,,,,,,,,,,,,,,,,,,,,,,,,,,,,,106686,
[4673],CONVERGENT MARGIN,AEOLIAN ARC / ITALY / STROMBOLI / STROMBOLI / TYRRHENIAN SEA,,38.79,38.79,15.21,15.21,SUBAERIAL,,,s STR209 [4673],SHOSHONITE [4673],,,,,,,,,VOLCANIC ROCK,,,,,WHOLE_ROCK [4673] ,252087.69550000003,5154.324,,98864.0868,,53154.399999999994,,,60463.62,27197.103999999996,1084.2412000000002,,23078.17,20326.8818,,,,,,,,,,,,,,,,,3000.,,,,,,,,,,,,,,,,,,,,,,,,,,,,,,,,,,,,,,,,,,,101,571,29,196,28,,,,,,,,,,,,,,,,,,,,,,,,,,,,,,,,,,,,,,,,,,,,,,,,,,,,,,,,,,,,,,,,,,106687,
[4673],CONVERGENT MARGIN,AEOLIAN ARC / ITALY / STROMBOLI / STROMBOLI / TYRRHENIAN SEA,,38.79,38.79,15.21,15.21,SUBAERIAL,,,s STR227 [4673],SHOSHONITE [4673],,,,,,,,,VOLCANIC ROCK,,,,,WHOLE_ROCK [4673] ,235073.0615,5753.664,,96800.0079,,63435.58,,,73042.34000000001,35699.968,1316.5786,,15772.849999999999,18101.3108,2007.5366000000001,,,,,,,,,,,,,,,,2800.0000000000005,,,,,,,,,,,,,,,,,,,,,,,,,,,,,,,,,,,,,,,,,,,,,,,,,,,,,,,,,,,,,,,,,,,,,,,,,,,,,,,,,,,,,,,,,,,,,,,,,,,,,,,,,,,,,,,,,106688,
[4673],CONVERGENT MARGIN,AEOLIAN ARC / ITALY / STROMBOLI / STROMBOLI / TYRRHENIAN SEA,,38.79,38.79,15.21,15.21,SUBAERIAL,,,s STR157 [4673],SHOSHONITE [4673],,,,,,,,,VOLCANIC ROCK,,,,,WHOLE_ROCK [4673] ,235119.805,5873.531999999999,,96482.45730000001,,24269.18,39098.19,,74400.27,36966.352,1239.1328,,16852.045,18546.425,1440.1893,,,,,,,,,,,,,,,,3700.,,,,,,,,,,,,,,,,,,,,,,,,,,,,,,,,,,,46,,,,,,,,54,660,28,149,21,,,,,,,,,,,,,865,,80,,,,,,,,,,,,,,,,,,,,,,,,,,,,,,,,,,,,,,,,,,,,,,,,,,,106689,
[4673],CONVERGENT MARGIN,AEOLIAN ARC / ITALY / STROMBOLI / STROMBOLI / TYRRHENIAN SEA,,38.79,38.79,15.21,15.21,SUBAERIAL,,,s STR78 [4673],SHOSHONITE [4673],,,,,,,,,VOLCANIC ROCK,,,,,WHOLE_ROCK [4673] ,236896.05800000002,5813.597999999999,,94047.9027,,25877.800000000003,36377.64,,73828.51,36966.352,1239.1328,,16603.,18027.1251,1396.5472,,,,,,,,,,,,,,,,7600.,,,,,,,,,,,,,,,,,,,,,,,,,,,,,,,,,,,46,,,,,,,,53,651,26,135,16,,,,,,,,,,,,,841,,78,,,,,,,,,,,,,,,,,,,,,,,,,,,,,,,,,,,,,,,,,,,,,,,,,,,106690,
[4673],CONVERGENT MARGIN,AEOLIAN ARC / ITALY / STROMBOLI / STROMBOLI / TYRRHENIAN SEA,,38.79,38.79,15.21,15.21,SUBAERIAL,,,s STR33 [4673],SHOSHONITE [4673],,,,,,,,,VOLCANIC ROCK,,,,,WHOLE_ROCK [4673] ,237643.95400000003,6113.268,,88543.69230000001,,28115.879999999997,40030.950000000004,,74972.03,34011.456,1316.5786,,16519.985,17136.8967,1702.0419000000002,,,,,,,,,,,,,,,,11900.,,,,,,,,,,,,,,,,,,,,,,,,,,,,,,,,,,,44,,,,,,,,64,665,30,166,20,,,,,,,,,,,,,881,,91,,,,,,,,,,,,,,,,,,,,,,,,,,,,,,,,,,,,,,,,,,,,,,,,,,,106691,
[4673],CONVERGENT MARGIN,AEOLIAN ARC / ITALY / STROMBOLI / STROMBOLI / TYRRHENIAN SEA,,38.79,38.79,15.21,15.21,SUBAERIAL,,,s STR102 [4673],SHOSHONITE [4673],,,,,,,,,VOLCANIC ROCK,,,,,WHOLE_ROCK [4673] ,237924.415,5813.597999999999,,95371.03020000001,,36298.86,26350.47,,74042.92,26955.887999999995,1161.687,,20089.63,18546.425,1614.7576999999999,,,,,,,,,,,,,,,,11900.,,,,,,,,,,,,,,,,,,,,,,,,,,,,,,,,,,,29,,,,,,,,77,788,29,180,18,,,,,,,,,,,,,,,,,,,,,,,,,,,,,,,,,,,,,,,,,,,,,,,,,,,,,,,,,,,,,,,,,,106692,
[4673],CONVERGENT MARGIN,AEOLIAN ARC / ITALY / STROMBOLI / STROMBOLI / TYRRHENIAN SEA,,38.79,38.79,15.21,15.21,SUBAERIAL,,,s STR139 [4673],SHOSHONITE [4673],,,,,,,,,VOLCANIC ROCK,,,,,WHOLE_ROCK [4673] ,240962.7425,6472.872,,103786.1211,,23220.079999999998,38554.08,,64680.350000000006,16945.424,1161.687,,23493.245,22404.0814,2880.3786,,,,,,,,,,,,,,,,8900.,,,,,,,,,,,,,,,,,,,,,,,,,,,,,,,,,,,13,,,,,,,,92,784,33,255,27,,,,,,,,,,,,,1053,,108,,,,,,,,,,,,,,,,,,,,,,,,,,,,,,,,,,,,,,,,,,,,,,,,,,,106694,
[4673],CONVERGENT MARGIN,AEOLIAN ARC / ITALY / STROMBOLI / STROMBOLI / TYRRHENIAN SEA,,38.79,38.79,15.21,15.21,SUBAERIAL,,,s STR22 [4673],SHOSHONITE [4673],,,,,,,,,VOLCANIC ROCK,,,,,WHOLE_ROCK [4673] ,241710.63850000003,4375.182,,103151.0199,,8392.8,45394.32,,70183.54000000001,34554.192,1084.2412000000002,,18097.27,18323.8679,1963.8945,,,,,,,,,,,,,,,,1800.,,,,,,,,,,,,,,,,,,,,,,,,,,,,,,,,,,,31,,,,,,,,66,586,26,138,21,,,,,,,,,,,,,875,,68,,,,,,,,,,,,,,,,,,,,,,,,,,,,,,,,,,,,,,,,,,,,,,,,,,,106695,
[4673],CONVERGENT MARGIN,AEOLIAN ARC / ITALY / STROMBOLI / STROMBOLI / TYRRHENIAN SEA,,38.79,38.79,15.21,15.21,SUBAERIAL,,,s STR133 [4673],SHOSHONITE [4673],,,,,,,,,VOLCANIC ROCK,,,,,WHOLE_ROCK [4673] ,242598.765,5453.994,,100557.69,,27136.719999999998,31636.11,,63608.3,29006.223999999995,1161.687,,21002.795,20846.1817,1876.6103,,,,,,,,,,,,,,,,5600.000000000001,,,,,,,,,,,,,,,,,,,,,,,,,,,,,,,,,,,26,,,,,,,,67,683,30,166,28,,,,,,,,,,,,,1053,,101,,,,,,,,,,,,,,,,,,,,,,,,,,,,,,,,,,,,,,,,,,,,,,,,,,,106696,
[4673],CONVERGENT MARGIN,AEOLIAN ARC / ITALY / STROMBOLI / STROMBOLI / TYRRHENIAN SEA,,38.79,38.79,15.21,15.21,SUBAERIAL,,,s STR225 [4673],SHOSHONITE [4673],,,,,,,,,VOLCANIC ROCK,,,,,WHOLE_ROCK [4673] ,244234.7875,6293.07,,97117.55850000001,,62386.479999999996,,,61893.020000000004,24845.248,1239.1328,,22414.050000000003,23368.495499999997,2182.105,,,,,,,,,,,,,,,,1400.0000000000002,,,,,,,,,,,,,,,,,,,,,,,,,,,,,,,,,,,,,,,,,,,,,,,,,,,,,,,,,,,,,,,,,,,,,,,,,,,,,,,,,,,,,,,,,,,,,,,,,,,,,,,,,,,,,,,,,106697,
[4673],CONVERGENT MARGIN,AEOLIAN ARC / ITALY / STROMBOLI / STROMBOLI / TYRRHENIAN SEA,,38.79,38.79,15.21,15.21,SUBAERIAL,,,s STR111 [4673],SHOSHONITE [4673],,,,,,,,,VOLCANIC ROCK,,,,,WHOLE_ROCK [4673] ,245590.34900000002,6353.004,,98334.8358,,23639.719999999998,39409.11,,65680.93,24965.855999999996,1239.1328,,20919.78,21142.9245,1876.6103,,,,,,,,,,,,,,,,0,,,,,,,,,,,,,,,,,,,,,,,,,,,,,,,,,,,25,,,,,,,,58,680,31,181,19,,,,,,,,,,,,,1124,,107,,,,,,,,,,,,,,,,,,,,,,,,,,,,,,,,,,,,,,,,,,,,,,,,,,,106698,
[4673],CONVERGENT MARGIN,AEOLIAN ARC / ITALY / STROMBOLI / STROMBOLI / TYRRHENIAN SEA,,38.79,38.79,15.21,15.21,SUBAERIAL,,,s STR138 [4673],SHOSHONITE [4673],,,,,,,,,VOLCANIC ROCK,,,,,WHOLE_ROCK [4673] ,245590.34900000002,6772.541999999999,,100293.0645,,21821.280000000002,40963.71,,59677.45,17910.288,1239.1328,,25070.53,23368.495499999997,2967.6628,,,,,,,,,,,,,,,,5699.999999999999,,,,,,,,,,,,,,,,,,,,,,,,,,,,,,,,,,,12,,,,,,,,94,761,35,261,26,,,,,,,,,,,,,,,,,,,,,,,,,,,,,,,,,,,,,,,,,,,,,,,,,,,,,,,,,,,,,,,,,,106699,
[4673],CONVERGENT MARGIN,AEOLIAN ARC / ITALY / STROMBOLI / STROMBOLI / TYRRHENIAN SEA,,38.79,38.79,15.21,15.21,SUBAERIAL,,,s STR32 [4673],SHOSHONITE [4673],,,,,,,,,VOLCANIC ROCK,,,,,WHOLE_ROCK [4673] ,247226.3715,7132.145999999999,,94471.30350000001,,19303.44,46715.729999999996,,58319.520000000004,21950.656,1626.3618,,21500.885,23887.7954,1920.2524,,,,,,,,,,,,,,,,10500.,,,,,,,,,,,,,,,,,,,,,,,,,,,,,,,,,,,14,,,,,,,,77,648,32,181,21,,,,,,,,,,,,,1109,,105,,,,,,,,,,,,,,,,,,,,,,,,,,,,,,,,,,,,,,,,,,,,,,,,,,,106700,
[4673],CONVERGENT MARGIN,AEOLIAN ARC / ITALY / STROMBOLI / STROMBOLI / TYRRHENIAN SEA,,38.79,38.79,15.21,15.21,SUBAERIAL,,,s STR115 [4673],SHOSHONITE [4673],,,,,,,,,VOLCANIC ROCK,,,,,WHOLE_ROCK [4673] ,247273.11500000002,6712.608,,97752.6597,,25667.98,36377.64,,62464.78,16945.424,1239.1328,,24240.38,23516.866899999997,3142.2311999999997,,,,,,,,,,,,,,,,6100.,,,,,,,,,,,,,,,,,,,,,,,,,,,,,,,,,,,15,,,,,,,,90,766,33,237,26,,,,,,,,,,,,,1110,,111,,,,,,,,,,,,,,,,,,,,,,,,,,,,,,,,,,,,,,,,,,,,,,,,,,,106701,
[4673],CONVERGENT MARGIN,AEOLIAN ARC / ITALY / STROMBOLI / STROMBOLI / TYRRHENIAN SEA,,38.79,38.79,15.21,15.21,SUBAERIAL,,,s STR108 [4673],SHOSHONITE [4673],,,,,,,,,VOLCANIC ROCK,,,,,WHOLE_ROCK [4673] ,247460.089,5753.664,,97276.3338,,12169.56,46327.08,,62107.42999999999,26955.887999999995,1161.687,,21666.914999999997,21439.6673,2182.105,,,,,,,,,,,,,,,,6700.,,,,,,,,,,,,,,,,,,,,,,,,,,,,,,,,,,,28,,,,,,,,72,686,28,169,19,,,,,,,,,,,,,,,,,,,,,,,,,,,,,,,,,,,,,,,,,,,,,,,,,,,,,,,,,,,,,,,,,,106702,
[4673],CONVERGENT MARGIN,AEOLIAN ARC / ITALY / STROMBOLI / STROMBOLI / TYRRHENIAN SEA,,38.79,38.79,15.21,15.21,SUBAERIAL,,,s STR215 [4673],SHOSHONITE [4673],,,,,,,,,VOLCANIC ROCK,,,,,WHOLE_ROCK [4673] ,247880.78050000002,5633.795999999999,,92565.9999,,59518.939999999995,,,64465.939999999995,28403.183999999997,1239.1328,,21749.93,20326.8818,1702.0419000000002,,,,,,,,,,,,,,,,3800.,,,,,,,,,,,,,,,,,,,,,,,,,,,,,,,,,,,,,,,,,,,,,,,,,,,,,,,,,,,,,,,,,,,,,,,,,,,,,,,,,,,,,,,,,,,,,,,,,,,,,,,,,,,,,,,,,106703,
[4673],CONVERGENT MARGIN,AEOLIAN ARC / ITALY / STROMBOLI / STROMBOLI / TYRRHENIAN SEA,,38.79,38.79,15.21,15.21,SUBAERIAL,,,s STR132 [4673],SHOSHONITE [4673],,,,,,,,,VOLCANIC ROCK,,,,,WHOLE_ROCK [4673] ,248254.72850000003,5993.4,,95741.5059,,21821.280000000002,35444.88,,58676.87,26955.887999999995,1161.687,,21998.975,21439.6673,1614.7576999999999,,,,,,,,,,,,,,,,13100.,,,,,,,,,,,,,,,,,,,,,,,,,,,,,,,,,,,27,,,,,,,,78,613,33,195,23,,,,,,,,,,,,,,,,,,,,,,,,,,,,,,,,,,,,,,,,,,,,,,,,,,,,,,,,,,,,,,,,,,106704,
[4673],CONVERGENT MARGIN,AEOLIAN ARC / ITALY / STROMBOLI / STROMBOLI / TYRRHENIAN SEA,,38.79,38.79,15.21,15.21,SUBAERIAL,,,s STR126 [4673],SHOSHONITE [4673],,,,,,,,,VOLCANIC ROCK,,,,,WHOLE_ROCK [4673] ,248862.39400000003,5813.597999999999,,99075.78719999999,,16925.48,39720.030000000006,,56389.829999999994,27981.055999999997,1161.687,,20919.78,21513.853,1614.7576999999999,,,,,,,,,,,,,,,,10200.,,,,,,,,,,,,,,,,,,,,,,,,,,,,,,,,,,,28,,,,,,,,72,596,32,188,22,,,,,,,,,,,,,885,,105,,,,,,,,,,,,,,,,,,,,,,,,,,,,,,,,,,,,,,,,,,,,,,,,,,,106705,
[4673],CONVERGENT MARGIN,AEOLIAN ARC / ITALY / STROMBOLI / STROMBOLI / TYRRHENIAN SEA,,38.79,38.79,15.21,15.21,SUBAERIAL,,,s STR128 [4673],SHOSHONITE [4673],,,,,,,,,VOLCANIC ROCK,,,,,WHOLE_ROCK [4673] ,249096.11150000003,5813.597999999999,,93518.65170000002,,14407.640000000001,43528.799999999996,,61750.08,30996.255999999998,1161.687,,20421.69,21365.4816,1527.4734999999998,,,,,,,,,,,,,,,,7500.,,,,,,,,,,,,,,,,,,,,,,,,,,,,,,,,,,,31,,,,,,,,77,609,30,193,24,,,,,,,,,,,,,,,,,,,,,,,,,,,,,,,,,,,,,,,,,,,,,,,,,,,,,,,,,,,,,,,,,,106706,
[4673],CONVERGENT MARGIN,AEOLIAN ARC / ITALY / STROMBOLI / STROMBOLI / TYRRHENIAN SEA,,38.79,38.79,15.21,15.21,SUBAERIAL,,,s STR141 [4673],SHOSHONITE [4673],,,,,,,,,VOLCANIC ROCK,,,,,WHOLE_ROCK [4673] ,249657.0335,6652.674,,99605.03820000001,,22730.5,38243.159999999996,,57890.7,17910.288,1161.687,,25236.56,23368.495499999997,2967.6628,,,,,,,,,,,,,,,,3300.,,,,,,,,,,,,,,,,,,,,,,,,,,,,,,,,,,,11,,,,,,,,88,752,34,258,28,,,,,,,,,,,,,,,,,,,,,,,,,,,,,,,,,,,,,,,,,,,,,,,,,,,,,,,,,,,,,,,,,,106707,
[4673],CONVERGENT MARGIN,AEOLIAN ARC / ITALY / STROMBOLI / STROMBOLI / TYRRHENIAN SEA,,38.79,38.79,15.21,15.21,SUBAERIAL,,,s STR80 [4673],SHOSHONITE [4673],,,,,,,,,VOLCANIC ROCK,,,,,WHOLE_ROCK [4673] ,250638.647,5334.126,,94683.00390000001,,21051.94,30781.079999999998,,76830.25,19960.624,1239.1328,,22331.035,22107.3386,1047.4104,,,,,,,,,,,,,,,,4300.,,,,,,,,,,,,,,,,,,,,,,,,,,,,,,,,,,,27,,,,,,,,95,552,28,212,14,,,,,,,,,,,,,891,,88,,,,,,,,,,,,,,,,,,,,,,,,,,,,,,,,,,,,,,,,,,,,,,,,,,,106709,
[4673],CONVERGENT MARGIN,AEOLIAN ARC / ITALY / STROMBOLI / STROMBOLI / TYRRHENIAN SEA,,38.79,38.79,15.21,15.21,SUBAERIAL,,,s STR51 [4673],SHOSHONITE [4673],,,,,,,,,VOLCANIC ROCK,,,,,WHOLE_ROCK [4673] ,251994.2085,6173.202,,94259.6031,,32382.219999999998,25417.71,,59820.38999999999,16945.424,1084.2412000000002,,25485.605,22255.71,2618.526,,,,,,,,,,,,,,,,13100.,,,,,,,,,,,,,,,,,,,,,,,,,,,,,,,,,,,15,,,,,,,,89,751,33,226,26,,,,,,,,,,,,,1132,,108,,,,,,,,,,,,,,,,,,,,,,,,,,,,,,,,,,,,,,,,,,,,,,,,,,,106710,
[4673],CONVERGENT MARGIN,AEOLIAN ARC / ITALY / STROMBOLI / STROMBOLI / TYRRHENIAN SEA,,38.79,38.79,15.21,15.21,SUBAERIAL,,,s STR217 [4673],SHOSHONITE [4673],,,,,,,,,VOLCANIC ROCK,,,,,WHOLE_ROCK [4673] ,252040.95200000002,6173.202,,97382.184,,60358.22000000001,,,56818.65,20141.535999999996,1239.1328,,22414.050000000003,22107.3386,2749.4523,,,,,,,,,,,,,,,,2600.,,,,,,,,,,,,,,,,,,,,,,,,,,,,,,,,,,,,,,,,,,,,,,,,,,,,,,,,,,,,,,,,,,,,,,,,,,,,,,,,,,,,,,,,,,,,,,,,,,,,,,,,,,,,,,,,,106711,
[4673],CONVERGENT MARGIN,AEOLIAN ARC / ITALY / STROMBOLI / STROMBOLI / TYRRHENIAN SEA,,38.79,38.79,15.21,15.21,SUBAERIAL,,,s STR49 [4673],SHOSHONITE [4673],,,,,,,,,VOLCANIC ROCK,,,,,WHOLE_ROCK [4673] ,252555.13050000003,5873.531999999999,,97382.184,,25528.1,31092,,59391.57000000001,20925.488,1161.687,,23078.17,22107.3386,2400.3155,,,,,,,,,,,,,,,,6300.,,,,,,,,,,,,,,,,,,,,,,,,,,,,,,,,,,,21,,,,,,,,80,693,30,205,25,,,,,,,,,,,,,1066,,103,,,,,,,,,,,,,,,,,,,,,,,,,,,,,,,,,,,,,,,,,,,,,,,,,,,106713,
[4673],CONVERGENT MARGIN,AEOLIAN ARC / ITALY / STROMBOLI / STROMBOLI / TYRRHENIAN SEA,,38.79,38.79,15.21,15.21,SUBAERIAL,,,s STR214 [4673],SHOSHONITE [4673],,,,,,,,,VOLCANIC ROCK,,,,,WHOLE_ROCK [4673] ,252835.59150000004,5873.531999999999,,102992.2446,,53713.92,,,56175.420000000006,16462.992,1084.2412000000002,,24655.455,23813.609699999997,3011.3048999999996,,,,,,,,,,,,,,,,1800.,,,,,,,,,,,,,,,,,,,,,,,,,,,,,,,,,,,,,,,,,,,,,,,,,,,,,,,,,,,,,,,,,,,,,,,,,,,,,,,,,,,,,,,,,,,,,,,,,,,,,,,,,,,,,,,,,106715,
[4673],CONVERGENT MARGIN,AEOLIAN ARC / ITALY / STROMBOLI / STROMBOLI / TYRRHENIAN SEA,,38.79,38.79,15.21,15.21,SUBAERIAL,,,s STR142 [4673],SHOSHONITE [4673],,,,,,,,,VOLCANIC ROCK,,,,,WHOLE_ROCK [4673] ,253022.56550000003,6053.334,,96323.682,,16016.26,39409.11,,56461.3,26955.887999999995,1161.687,,23327.215,22923.381299999997,1832.9682,,,,,,,,,,,,,,,,3900.,,,,,,,,,,,,,,,,,,,,,,,,,,,,,,,,,,,25,,,,,,,,82,610,31,220,26,,,,,,,,,,,,,,,,,,,,,,,,,,,,,,,,,,,,,,,,,,,,,,,,,,,,,,,,,,,,,,,,,,106716,
[4673],CONVERGENT MARGIN,AEOLIAN ARC / ITALY / STROMBOLI / STROMBOLI / TYRRHENIAN SEA,,38.79,38.79,15.21,15.21,SUBAERIAL,,,s STR114 [4673],SHOSHONITE [4673],,,,,,,,,VOLCANIC ROCK,,,,,WHOLE_ROCK [4673] ,253817.20500000002,5933.465999999999,,92301.37440000002,,25737.920000000002,30470.16,,59034.22,25991.023999999998,1161.687,,23078.17,23887.7954,1614.7576999999999,,,,,,,,,,,,,,,,5500.,,,,,,,,,,,,,,,,,,,,,,,,,,,,,,,,,,,26,,,,,,,,86,618,31,196,20,,,,,,,,,,,,,897,,97,,,,,,,,,,,,,,,,,,,,,,,,,,,,,,,,,,,,,,,,,,,,,,,,,,,106718,
[4673],CONVERGENT MARGIN,AEOLIAN ARC / ITALY / STROMBOLI / STROMBOLI / TYRRHENIAN SEA,,38.79,38.79,15.21,15.21,SUBAERIAL,,,s STR103 [4673],SHOSHONITE [4673],,,,,,,,,VOLCANIC ROCK,,,,,WHOLE_ROCK [4673] ,256715.30200000003,7132.145999999999,,90078.5202,,22240.920000000002,41274.63,,51172.520000000004,16945.424,1394.0244,,26149.725,27300.3376,2662.1681,,,,,,,,,,,,,,,,7200.,,,,,,,,,,,,,,,,,,,,,,,,,,,,,,,,,,,7,,,,,,,,100,679,40,221,24,,,,,,,,,,,,,1237,,118,,,,,,,,,,,,,,,,,,,,,,,,,,,,,,,,,,,,,,,,,,,,,,,,,,,106719,
[4673],CONVERGENT MARGIN,AEOLIAN ARC / ITALY / STROMBOLI / STROMBOLI / TYRRHENIAN SEA,,38.79,38.79,15.21,15.21,SUBAERIAL,,,s STR155 [4673],SHOSHONITE [4673],,,,,,,,,VOLCANIC ROCK,,,,,WHOLE_ROCK [4673] ,259005.7335,5214.258,,96641.23260000002,,16226.079999999998,35211.69,,52744.86,21950.656,1084.2412000000002,,25485.605,23591.0526,1352.9051,,,,,,,,,,,,,,,,8800.,,,,,,,,,,,,,,,,,,,,,,,,,,,,,,,,,,,11,,,,,,,,95,586,31,217,22,,,,,,,,,,,,,929,,97,,,,,,,,,,,,,,,,,,,,,,,,,,,,,,,,,,,,,,,,,,,,,,,,,,,106720,
[4673],CONVERGENT MARGIN,AEOLIAN ARC / ITALY / STROMBOLI / STROMBOLI / TYRRHENIAN SEA,,38.79,38.79,15.21,15.21,SUBAERIAL,,,s STR23 [4673],SHOSHONITE [4673],,,,,,,,,VOLCANIC ROCK,,,,,WHOLE_ROCK [4673] ,262698.47000000003,4674.852,,98864.0868,,18114.46,28293.72,,43167.88,18091.199999999997,1239.1328,,30632.535,24184.5382,1483.8314,,,,,,,,,,,,,,,,15700.,,,,,,,,,,,,,,,,,,,,,,,,,,,,,,,,,,,28,,,,,,,,117,609,35,267,32,,,,,,,,,,,,,1507,,120,,,,,,,,,,,,,,,,,,,,,,,,,,,,,,,,,,,,,,,,,,,,,,,,,,,106721,
[4673],CONVERGENT MARGIN,AEOLIAN ARC / ITALY / STROMBOLI / STROMBOLI / TYRRHENIAN SEA,,38.79,38.79,15.21,15.21,SUBAERIAL,,,s STR125 [4673],SHOSHONITE [4673],,,,,,,,,VOLCANIC ROCK,,,,,WHOLE_ROCK [4673] ,266765.1545,4375.182,,95053.4796,,13218.66,32879.79,,43382.29,18935.456,1161.687,,29885.4,26410.1092,1658.3998000000001,,,,,,,,,,,,,,,,11399.999999999998,,,,,,,,,,,,,,,,,,,,,,,,,,,,,,,,,,,12,,,,,,,,119,596,35,266,32,,,,,,,,,,,,,1433,,121,,,,,,,,,,,,,,,,,,,,,,,,,,,,,,,,,,,,,,,,,,,,,,,,,,,106722,
[4673],CONVERGENT MARGIN,AEOLIAN ARC / ITALY / STROMBOLI / STROMBOLI / TYRRHENIAN SEA,,38.79,38.79,15.21,15.21,SUBAERIAL,,,s STR37 [4673],SHOSHONITE [4673],,,,,,,,,VOLCANIC ROCK,,,,,WHOLE_ROCK [4673] ,271018.813,4614.918,,92724.7752,,10421.06,34123.469999999994,,45669.329999999994,16945.424,1161.687,,30217.460000000003,26632.666299999997,1702.0419000000002,,,,,,,,,,,,,,,,8100.000000000001,,,,,,,,,,,,,,,,,,,,,,,,,,,,,,,,,,,15,,,,,,,,119,624,34,273,31,,,,,,,,,,,,,1466,,126,,,,,,,,,,,,,,,,,,,,,,,,,,,,,,,,,,,,,,,,,,,,,,,,,,,106723,
[4673],CONVERGENT MARGIN,AEOLIAN ARC / ITALY / STROMBOLI / STROMBOLI / TYRRHENIAN SEA,,38.79,38.79,15.21,15.21,SUBAERIAL,,,s STR70 [4673],SHOSHONITE [4673],,,,,,,,,VOLCANIC ROCK,,,,,WHOLE_ROCK [4673] ,271486.248,4674.852,,91877.9736,,13078.78,32879.79,,44096.99,16945.424,1161.687,,30383.49,24852.2095,1614.7576999999999,,,,,,,,,,,,,,,,10900.,,,,,,,,,,,,,,,,,,,,,,,,,,,,,,,,,,,15,,,,,,,,118,612,33,272,28,,,,,,,,,,,,,,,,,,,,,,,,,,,,,,,,,,,,,,,,,,,,,,,,,,,,,,,,,,,,,,,,,,106724,
[4673],CONVERGENT MARGIN,AEOLIAN ARC / ITALY / STROMBOLI / STROMBOLI / TYRRHENIAN SEA,,38.79,38.79,15.21,15.21,SUBAERIAL,,,s STR210 [4673],SHOSHONITE [4673],,,,,,,,,VOLCANIC ROCK,,,,,WHOLE_ROCK [4673] ,272327.631,4554.9839999999995,,97382.184,,45251.18,,,35520.59,16583.6,1006.7954,,32126.805,25668.2522,,,,,,,,,,,,,,,,,9400.,,,,,,,,,,,,,,,,,,,,,,,,,,,,,,,,,,,,,,,,,,,117,540,35,280,15,,,,,,,,,,,,,,,,,,,,,,,,,,,,,,,,,,,,,,,,,,,,,,,,,,,,,,,,,,,,,,,,,,106725,
[4673],CONVERGENT MARGIN,AEOLIAN ARC / ITALY / STROMBOLI / STROMBOLI / TYRRHENIAN SEA,,38.79,38.79,15.21,15.21,SUBAERIAL,,,s STR30 [4673],SHOSHONITE [4673],,,,,,,,,VOLCANIC ROCK,,,,,WHOLE_ROCK [4673] ,274290.858,4315.248,,95212.2549,,11190.400000000001,30470.16,,40737.9,16764.512,1161.687,,31379.67,27300.3376,1265.6209,,,,,,,,,,,,,,,,6700.,,,,,,,,,,,,,,,,,,,,,,,,,,,,,,,,,,,12,,,,,,,,117,582,34,274,32,,,,,,,,,,,,,1400,,123,,,,,,,,,,,,,,,,,,,,,,,,,,,,,,,,,,,,,,,,,,,,,,,,,,,106726,
[4673],CONVERGENT MARGIN,AEOLIAN ARC / ITALY / STROMBOLI / STROMBOLI / TYRRHENIAN SEA,,38.79,38.79,15.21,15.21,SUBAERIAL,,,s STR29 [4673],SHOSHONITE [4673],,,,,,,,,VOLCANIC ROCK,,,,,WHOLE_ROCK [4673] ,274524.57550000004,4195.379999999999,,95953.2063,,24898.64,15856.92,,39451.439999999995,16704.208,1084.2412000000002,,32624.895,26706.852,1265.6209,,,,,,,,,,,,,,,,5500.,,,,,,,,,,,,,,,,,,,,,,,,,,,,,,,,,,,12,,,,,,,,114,593,32,277,32,,,,,,,,,,,,,1410,,125,,,,,,,,,,,,,,,,,,,,,,,,,,,,,,,,,,,,,,,,,,,,,,,,,,,106727,
[4673],CONVERGENT MARGIN,AEOLIAN ARC / ITALY / STROMBOLI / STROMBOLI / TYRRHENIAN SEA,,38.79,38.79,15.21,15.21,SUBAERIAL,,,s STR140 [4673],SHOSHONITE [4673],,,,,,,,,VOLCANIC ROCK,,,,,WHOLE_ROCK [4673] ,274711.5495,4315.248,,93889.1274,,20142.719999999998,21142.56,,38236.45,14955.392,1161.687,,32624.895,27893.8232,1658.3998000000001,,,,,,,,,,,,,,,,10500.,,,,,,,,,,,,,,,,,,,,,,,,,,,,,,,,,,,8,,,,,,,,121,569,35,310,34,,,,,,,,,,,,,,,,,,,,,,,,,,,,,,,,,,,,,,,,,,,,,,,,,,,,,,,,,,,,,,,,,,106728,
[4673],CONVERGENT MARGIN,AEOLIAN ARC / ITALY / STROMBOLI / STROMBOLI / TYRRHENIAN SEA,,38.79,38.79,15.21,15.21,SUBAERIAL,,,s STR212 [4673],SHOSHONITE [4673],,,,,,,,,VOLCANIC ROCK,,,,,WHOLE_ROCK [4673] ,274758.293,4375.182,,93201.1011,,42873.22,,,40523.49,16885.12,1084.2412000000002,,32541.88,26484.294899999997,1832.9682,,,,,,,,,,,,,,,,2400.,,,,,,,,,,,,,,,,,,,,,,,,,,,,,,,,,,,,,,,,,,,,,,,,,,,,,,,,,,,,,,,,,,,,,,,,,,,,,,,,,,,,,,,,,,,,,,,,,,,,,,,,,,,,,,,,,106729,
[4673],CONVERGENT MARGIN,AEOLIAN ARC / ITALY / STROMBOLI / STROMBOLI / TYRRHENIAN SEA,,38.79,38.79,15.21,15.21,SUBAERIAL,,,s STR213 [4673],SHOSHONITE [4673],,,,,,,,,VOLCANIC ROCK,,,,,WHOLE_ROCK [4673] ,279105.43850000005,4315.248,,92142.5991,,41404.479999999996,,,39451.439999999995,16462.992,1084.2412000000002,,31794.745,26632.666299999997,1832.9682,,,,,,,,,,,,,,,,200.,,,,,,,,,,,,,,,,,,,,,,,,,,,,,,,,,,,,,,,,,,,,,,,,,,,,,,,,,,,,,,,,,,,,,,,,,,,,,,,,,,,,,,,,,,,,,,,,,,,,,,,,,,,,,,,,,106730,
[4673],CONVERGENT MARGIN,AEOLIAN ARC / ITALY / STROMBOLI / STROMBOLI / TYRRHENIAN SEA,,38.79,38.79,15.21,15.21,SUBAERIAL,,,s STR68 [4673],SHOSHONITE [4673],,,,,,,,,VOLCANIC ROCK,,,,,WHOLE_ROCK [4673] ,279385.89950000006,4375.182,,91666.27320000001,,13638.3,28604.640000000003,,38879.68,14955.392,1161.687,,30715.550000000003,27003.5948,1658.3998000000001,,,,,,,,,,,,,,,,6800.000000000001,,,,,,,,,,,,,,,,,,,,,,,,,,,,,,,,,,,11,,,,,,,,117,575,35,285,31,,,,,,,,,,,,,1321,,130,,,,,,,,,,,,,,,,,,,,,,,,,,,,,,,,,,,,,,,,,,,,,,,,,,,106731,
[4673],CONVERGENT MARGIN,AEOLIAN ARC / ITALY / STROMBOLI / STROMBOLI / TYRRHENIAN SEA,,38.79,38.79,15.21,15.21,SUBAERIAL,,,s STR129 [4673],SHOSHONITE [4673],,,,,,,,,VOLCANIC ROCK,,,,,WHOLE_ROCK [4673] ,282190.5095,4015.578,,91613.3481,,25458.16,13680.48,,35449.12,14955.392,1006.7954,,30300.475,27077.780499999997,1614.7576999999999,,,,,,,,,,,,,,,,9400.,,,,,,,,,,,,,,,,,,,,,,,,,,,,,,,,,,,5,,,,,,,,115,543,33,275,31,,,,,,,,,,,,,,,,,,,,,,,,,,,,,,,,,,,,,,,,,,,,,,,,,,,,,,,,,,,,,,,,,,106732,
[4673],CONVERGENT MARGIN,AEOLIAN ARC / ITALY / STROMBOLI / STROMBOLI / TYRRHENIAN SEA,,38.79,38.79,15.21,15.21,SUBAERIAL,,,s STR127 [4673],SHOSHONITE [4673],,,,,,,,,VOLCANIC ROCK,,,,,WHOLE_ROCK [4673] ,284293.967,4015.578,,89655.11940000001,,27416.48,11814.960000000001,,36449.7,15920.256,1006.7954,,30051.43,27968.0089,1789.3261,,,,,,,,,,,,,,,,3900.,,,,,,,,,,,,,,,,,,,,,,,,,,,,,,,,,,,7,,,,,,,,110,556,35,271,32,,,,,,,,,,,,,,,,,,,,,,,,,,,,,,,,,,,,,,,,,,,,,,,,,,,,,,,,,,,,,,,,,,106733,
[4673],CONVERGENT MARGIN,AEOLIAN ARC / ITALY / STROMBOLI / STROMBOLI / TYRRHENIAN SEA,,38.79,38.79,15.21,15.21,SUBAERIAL,,,s STR130 [4673],SHOSHONITE [4673],,,,,,,,,VOLCANIC ROCK,,,,,WHOLE_ROCK [4673] ,284480.941,4135.445999999999,,88808.3178,,17065.36,23319,,36163.82,15920.256,1006.7954,,30549.52,27819.637499999997,1702.0419000000002,,,,,,,,,,,,,,,,5400.,,,,,,,,,,,,,,,,,,,,,,,,,,,,,,,,,,,7,,,,,,,,115,552,31,273,31,,,,,,,,,,,,,1348,,126,,,,,,,,,,,,,,,,,,,,,,,,,,,,,,,,,,,,,,,,,,,,,,,,,,,106734,
[4673],CONVERGENT MARGIN,AEOLIAN ARC / ITALY / STROMBOLI / STROMBOLI / TYRRHENIAN SEA,,38.79,38.79,15.21,15.21,SUBAERIAL,,,s STR218 [4673],SHOSHONITE [4673],,,,,,,,,VOLCANIC ROCK,,,,,WHOLE_ROCK [4673] ,285415.81100000005,4015.578,,91454.57280000001,,38327.12,,,30946.510000000002,11397.455999999998,1161.687,,33538.06,30193.5799,2924.0207,,,,,,,,,,,,,,,,3600.,,,,,,,,,,,,,,,,,,,,,,,,,,,,,,,,,,,,,,,,,,,,,,,,,,,,,,,,,,,,,,,,,,,,,,,,,,,,,,,,,,,,,,,,,,,,,,,,,,,,,,,,,,,,,,,,,106735,
[4673],CONVERGENT MARGIN,AEOLIAN ARC / ITALY / STROMBOLI / STROMBOLI / TYRRHENIAN SEA,,38.79,38.79,15.21,15.21,SUBAERIAL,,,s STR35 [4673],SHOSHONITE [4673],,,,,,,,,VOLCANIC ROCK,,,,,WHOLE_ROCK [4673] ,289108.54750000004,3596.0399999999995,,84362.6094,,13148.72,24174.03,,33876.78,12965.359999999999,1161.687,,33039.97,29080.7944,1265.6209,,,,,,,,,,,,,,,,13200.,,,,,,,,,,,,,,,,,,,,,,,,,,,,,,,,,,,16,,,,,,,,134,510,37,316,30,,,,,,,,,,,,,1325,,132,,,,,,,,,,,,,,,,,,,,,,,,,,,,,,,,,,,,,,,,,,,,,,,,,,,106736,
[4673],CONVERGENT MARGIN,AEOLIAN ARC / ITALY / STROMBOLI / STROMBOLI / TYRRHENIAN SEA,,38.79,38.79,15.21,15.21,SUBAERIAL,,,s STR36 [4673],SHOSHONITE [4673],,,,,,,,,VOLCANIC ROCK,,,,,WHOLE_ROCK [4673] ,293642.667,3416.2379999999994,,85050.6357,,13778.18,19587.96,,24371.27,6934.959999999999,1161.687,,33953.135,29525.9086,1178.3367,,,,,,,,,,,,,,,,29200.,,,,,,,,,,,,,,,,,,,,,,,,,,,,,,,,,,,6,,,,,,,,146,489,36,346,36,,,,,,,,,,,,,1353,,141,,,,,,,,,,,,,,,,,,,,,,,,,,,,,,,,,,,,,,,,,,,,,,,,,,,106737,
[4673],CONVERGENT MARGIN,AEOLIAN ARC / ITALY / STROMBOLI / STROMBOLI / TYRRHENIAN SEA,,38.79,38.79,15.21,15.21,SUBAERIAL,,,s STR1 [4673],"LEUCITITE, TEPHRITIC [4673]",,,,,,,,,VOLCANIC ROCK,,,,,WHOLE_ROCK [4673] ,240308.3335,5573.862,,91401.6477,,8952.32,50679.96,,65109.17,36544.223999999995,1161.687,,34451.225000000006,16543.411099999998,2225.7471,,,,,,,,,,,,,,,,3100.,,,,,,,,,,,,,,,,,,,,,,,,,,,,,,,,,,,36,,,,,,,,120,756,28,190,28,,,,,,,,,,,,,1717,,110,,,,,,,,,,,,,,,,,,,,,,,,,,,,,,,,,,,,,,,,,,,,,,,,,,,106738,
[4673],CONVERGENT MARGIN,AEOLIAN ARC / ITALY / STROMBOLI / STROMBOLI / TYRRHENIAN SEA,,38.79,38.79,15.21,15.21,SUBAERIAL,,,s STR18 [4673],"LEUCITITE, TEPHRITIC [4673]",,,,,,,,,VOLCANIC ROCK,,,,,WHOLE_ROCK [4673] ,241243.2035,5453.994,,94418.3784,,18534.1,39720.030000000006,,65037.7,32805.376000000004,1161.687,,29968.414999999997,18546.425,2225.7471,,,,,,,,,,,,,,,,5100.,,,,,,,,,,,,,,,,,,,,,,,,,,,,,,,,,,,36,,,,,,,,121,851,30,184,33,,,,,,,,,,,,,1829,,129,,,,,,,,,,,,,,,,,,,,,,,,,,,,,,,,,,,,,,,,,,,,,,,,,,,106739,
[4673],CONVERGENT MARGIN,AEOLIAN ARC / ITALY / STROMBOLI / STROMBOLI / TYRRHENIAN SEA,,38.79,38.79,15.21,15.21,SUBAERIAL,,,s STR224 [4673],"LEUCITITE, TEPHRITIC [4673]",,,,,,,,,VOLCANIC ROCK,,,,,WHOLE_ROCK [4673] ,241383.434,5573.862,,91825.0485,,58819.54,,,61035.38,35217.536,1161.687,,32375.85,17211.0824,3360.4417000000003,,,,,,,,,,,,,,,,1400.0000000000002,,,,,,,,,,,,,,,,,,,,,,,,,,,,,,,,,,,,,,,,,,,,,,,,,,,,,,,,,,,,,,,,,,,,,,,,,,,,,,,,,,,,,,,,,,,,,,,,,,,,,,,,,,,,,,,,,106740,
[4673],CONVERGENT MARGIN,AEOLIAN ARC / ITALY / STROMBOLI / STROMBOLI / TYRRHENIAN SEA,,38.79,38.79,15.21,15.21,SUBAERIAL,,,s STR71 [4673],"LEUCITITE, TEPHRITIC [4673]",,,,,,,,,VOLCANIC ROCK,,,,,WHOLE_ROCK [4673] ,241383.434,5813.597999999999,,93836.2023,,25108.46,35444.88,,61178.32000000001,27981.055999999997,1161.687,,29138.265,18991.5392,2967.6628,,,,,,,,,,,,,,,,13500.,,,,,,,,,,,,,,,,,,,,,,,,,,,,,,,,,,,31,,,,,,,,160,877,35,218,31,,,,,,,,,,,,,,,,,,,,,,,,,,,,,,,,,,,,,,,,,,,,,,,,,,,,,,,,,,,,,,,,,,106741,
[4673],CONVERGENT MARGIN,AEOLIAN ARC / ITALY / STROMBOLI / STROMBOLI / TYRRHENIAN SEA,,38.79,38.79,15.21,15.21,SUBAERIAL,,,s STR15 [4673],"LEUCITITE, TEPHRITIC [4673]",,,,,,,,,VOLCANIC ROCK,,,,,WHOLE_ROCK [4673] ,241476.921,5334.126,,93994.97760000001,,14197.819999999998,42906.96,,64751.82000000001,35458.752,1161.687,,29802.385,18323.8679,2443.9576,,,,,,,,,,,,,,,,3900.,,,,,,,,,,,,,,,,,,,,,,,,,,,,,,,,,,,38,,,,,,,,113,834,28,180,30,,,,,,,,,,,,,1825,,121,,,,,,,,,,,,,,,,,,,,,,,,,,,,,,,,,,,,,,,,,,,,,,,,,,,106742,
[4673],CONVERGENT MARGIN,AEOLIAN ARC / ITALY / STROMBOLI / STROMBOLI / TYRRHENIAN SEA,,38.79,38.79,15.21,15.21,SUBAERIAL,,,s STR17 [4673],"LEUCITITE, TEPHRITIC [4673]",,,,,,,,,VOLCANIC ROCK,,,,,WHOLE_ROCK [4673] ,241617.1515,5453.994,,93836.2023,,22170.98,34745.31,,63822.71,34554.192,1161.687,,31628.715,18027.1251,2182.105,,,,,,,,,,,,,,,,4100.,,,,,,,,,,,,,,,,,,,,,,,,,,,,,,,,,,,38,,,,,,,,113,849,31,181,33,,,,,,,,,,,,,1879,,130,,,,,,,,,,,,,,,,,,,,,,,,,,,,,,,,,,,,,,,,,,,,,,,,,,,106743,
[4673],CONVERGENT MARGIN,AEOLIAN ARC / ITALY / STROMBOLI / STROMBOLI / TYRRHENIAN SEA,,38.79,38.79,15.21,15.21,SUBAERIAL,,,s STR13 [4673],"LEUCITITE, TEPHRITIC [4673]",,,,,,,,,VOLCANIC ROCK,,,,,WHOLE_ROCK [4673] ,241663.89500000002,5394.0599999999995,,93412.8015,,11470.16,45394.32,,63894.17999999999,34433.583999999995,1084.2412000000002,,36609.615,17136.8967,2225.7471,,,,,,,,,,,,,,,,2000.,,,,,,,,,,,,,,,,,,,,,,,,,,,,,,,,,,,34,,,,,,,,142,764,28,188,28,,,,,,,,,,,,,1706,,109,,,,,,,,,,,,,,,,,,,,,,,,,,,,,,,,,,,,,,,,,,,,,,,,,,,106744,
[4673],CONVERGENT MARGIN,AEOLIAN ARC / ITALY / STROMBOLI / STROMBOLI / TYRRHENIAN SEA,,38.79,38.79,15.21,15.21,SUBAERIAL,,,s STR10 [4673],"LEUCITITE, TEPHRITIC [4673]",,,,,,,,,VOLCANIC ROCK,,,,,WHOLE_ROCK [4673] ,242131.33000000002,5394.0599999999995,,89708.0445,,23080.199999999997,34434.39,,65752.4,37509.087999999996,1084.2412000000002,,33538.06,16172.482600000001,1920.2524,,,,,,,,,,,,,,,,3300.,,,,,,,,,,,,,,,,,,,,,,,,,,,,,,,,,,,41,,,,,,,,133,743,27,185,27,,,,,,,,,,,,,1684,,99,,,,,,,,,,,,,,,,,,,,,,,,,,,,,,,,,,,,,,,,,,,,,,,,,,,106745,
[4673],CONVERGENT MARGIN,AEOLIAN ARC / ITALY / STROMBOLI / STROMBOLI / TYRRHENIAN SEA,,38.79,38.79,15.21,15.21,SUBAERIAL,,,s STR12 [4673],"LEUCITITE, TEPHRITIC [4673]",,,,,,,,,VOLCANIC ROCK,,,,,WHOLE_ROCK [4673] ,242365.04750000002,5573.862,,89919.74489999999,,28885.219999999998,28915.56,,64751.82000000001,35458.752,1084.2412000000002,,35945.495,16469.2254,2138.4629,,,,,,,,,,,,,,,,2000.,,,,,,,,,,,,,,,,,,,,,,,,,,,,,,,,,,,37,,,,,,,,152,756,27,187,25,,,,,,,,,,,,,1692,,104,,,,,,,,,,,,,,,,,,,,,,,,,,,,,,,,,,,,,,,,,,,,,,,,,,,106746,
[4673],CONVERGENT MARGIN,AEOLIAN ARC / ITALY / STROMBOLI / STROMBOLI / TYRRHENIAN SEA,,38.79,38.79,15.21,15.21,SUBAERIAL,,,s STR3 [4673],"LEUCITITE, TEPHRITIC [4673]",,,,,,,,,VOLCANIC ROCK,,,,,WHOLE_ROCK [4673] ,242365.04750000002,5394.0599999999995,,94259.6031,,7063.9400000000005,49047.63,,63679.770000000004,36001.488,1084.2412000000002,,35032.329999999994,16246.6683,2007.5366000000001,,,,,,,,,,,,,,,,1600.,,,,,,,,,,,,,,,,,,,,,,,,,,,,,,,,,,,36,,,,,,,,137,752,27,190,29,,,,,,,,,,,,,1511,,92,,,,,,,,,,,,,,,,,,,,,,,,,,,,,,,,,,,,,,,,,,,,,,,,,,,106748,
[4673],CONVERGENT MARGIN,AEOLIAN ARC / ITALY / STROMBOLI / STROMBOLI / TYRRHENIAN SEA,,38.79,38.79,15.21,15.21,SUBAERIAL,,,s STR16 [4673],"LEUCITITE, TEPHRITIC [4673]",,,,,,,,,VOLCANIC ROCK,,,,,WHOLE_ROCK [4673] ,242552.02150000003,5453.994,,94471.30350000001,,19093.62,38243.159999999996,,63250.95,33287.808,1084.2412000000002,,31130.625,19288.282,2051.1787,,,,,,,,,,,,,,,,3100.,,,,,,,,,,,,,,,,,,,,,,,,,,,,,,,,,,,33,,,,,,,,122,858,30,190,34,,,,,,,,,,,,,1865,,129,,,,,,,,,,,,,,,,,,,,,,,,,,,,,,,,,,,,,,,,,,,,,,,,,,,106749,
[4673],CONVERGENT MARGIN,AEOLIAN ARC / ITALY / STROMBOLI / STROMBOLI / TYRRHENIAN SEA,,38.79,38.79,15.21,15.21,SUBAERIAL,,,s STR14 [4673],"LEUCITITE, TEPHRITIC [4673]",,,,,,,,,VOLCANIC ROCK,,,,,WHOLE_ROCK [4673] ,243627.122,5513.928,,93042.32579999999,,11190.400000000001,45705.24,,63536.83,34071.76,1161.687,,32043.789999999997,18694.7964,2051.1787,,,,,,,,,,,,,,,,3100.,,,,,,,,,,,,,,,,,,,,,,,,,,,,,,,,,,,32,,,,,,,,139,864,29,186,31,,,,,,,,,,,,,1844,,129,,,,,,,,,,,,,,,,,,,,,,,,,,,,,,,,,,,,,,,,,,,,,,,,,,,106751,
[4673],CONVERGENT MARGIN,AEOLIAN ARC / ITALY / STROMBOLI / STROMBOLI / TYRRHENIAN SEA,,38.79,38.79,15.21,15.21,SUBAERIAL,,,s STR5 [4673],"LEUCITITE, TEPHRITIC [4673]",,,,,,,,,VOLCANIC ROCK,,,,,WHOLE_ROCK [4673] ,243767.3525,5334.126,,93148.176,,9931.48,44150.64,,62035.96,34795.407999999996,1084.2412000000002,,32956.955,19288.282,2094.8208,,,,,,,,,,,,,,,,5600.000000000001,,,,,,,,,,,,,,,,,,,,,,,,,,,,,,,,,,,33,,,,,,,,111,847,29,184,30,,,,,,,,,,,,,1970,,114,,,,,,,,,,,,,,,,,,,,,,,,,,,,,,,,,,,,,,,,,,,,,,,,,,,106752,
[4673],CONVERGENT MARGIN,AEOLIAN ARC / ITALY / STROMBOLI / STROMBOLI / TYRRHENIAN SEA,,38.79,38.79,15.21,15.21,SUBAERIAL,,,s STR107 [4673],"LEUCITITE, TEPHRITIC [4673]",,,,,,,,,VOLCANIC ROCK,,,,,WHOLE_ROCK [4673] ,244047.81350000002,5693.73,,89337.5688,,12868.960000000001,46871.19,,65680.93,32986.28799999999,1006.7954,,33122.985,16395.039699999998,3054.9469999999997,,,,,,,,,,,,,,,,3300.,,,,,,,,,,,,,,,,,,,,,,,,,,,,,,,,,,,38,,,,,,,,125,764,29,208,23,,,,,,,,,,,,,,,,,,,,,,,,,,,,,,,,,,,,,,,,,,,,,,,,,,,,,,,,,,,,,,,,,,106753,
[4673],CONVERGENT MARGIN,AEOLIAN ARC / ITALY / STROMBOLI / STROMBOLI / TYRRHENIAN SEA,,38.79,38.79,15.21,15.21,SUBAERIAL,,,s STR82 [4673],"LEUCITITE, TEPHRITIC [4673]",,,,,,,,,VOLCANIC ROCK,,,,,WHOLE_ROCK [4673] ,244188.04400000002,5693.73,,89496.3441,,24199.239999999998,35444.88,,66252.69,32021.423999999995,1239.1328,,28723.19,17136.8967,2662.1681,,,,,,,,,,,,,,,,7200.,,,,,,,,,,,,,,,,,,,,,,,,,,,,,,,,,,,38,,,,,,,,117,862,28,206,27,,,,,,,,,,,,,1881,,132,,,,,,,,,,,,,,,,,,,,,,,,,,,,,,,,,,,,,,,,,,,,,,,,,,,106754,
[4673],CONVERGENT MARGIN,AEOLIAN ARC / ITALY / STROMBOLI / STROMBOLI / TYRRHENIAN SEA,,38.79,38.79,15.21,15.21,SUBAERIAL,,,s STR11 [4673],"LEUCITITE, TEPHRITIC [4673]",,,,,,,,,VOLCANIC ROCK,,,,,WHOLE_ROCK [4673] ,244188.04400000002,5334.126,,91719.19829999999,,17554.94,38243.159999999996,,63894.17999999999,34976.32,1084.2412000000002,,35198.36,16246.6683,2574.8839,,,,,,,,,,,,,,,,1600.,,,,,,,,,,,,,,,,,,,,,,,,,,,,30.4,,,126,,,31,36,,,,,,,,149,757,29,187,28,,,,,,,,,,,,,1748,49,105,,46,10,2.3,,1.1,,,,,2.3,0.4,4.5,1.7,,,,,,,,,,,20.8,,,,,,,,,,,,,,,,,,,,,,,,,,106755,
[4673],CONVERGENT MARGIN,AEOLIAN ARC / ITALY / STROMBOLI / STROMBOLI / TYRRHENIAN SEA,,38.79,38.79,15.21,15.21,SUBAERIAL,,,s STR117 [4673],"LEUCITITE, TEPHRITIC [4673]",,,,,,,,,VOLCANIC ROCK,,,,,WHOLE_ROCK [4673] ,244328.27450000003,5573.862,,90078.5202,,15107.04,41585.549999999996,,66038.28,32021.423999999995,1084.2412000000002,,29304.295,18694.7964,2967.6628,,,,,,,,,,,,,,,,7900.,,,,,,,,,,,,,,,,,,,,,,,,,,,,,,,,,,,39,,,,,,,,111,869,29,200,29,,,,,,,,,,,,,1855,,125,,,,,,,,,,,,,,,,,,,,,,,,,,,,,,,,,,,,,,,,,,,,,,,,,,,106757,
[4673],CONVERGENT MARGIN,AEOLIAN ARC / ITALY / STROMBOLI / STROMBOLI / TYRRHENIAN SEA,,38.79,38.79,15.21,15.21,SUBAERIAL,,,s STR220 [4673],"LEUCITITE, TEPHRITIC [4673]",,,,,,,,,VOLCANIC ROCK,,,,,WHOLE_ROCK [4673] ,244702.22250000003,5573.862,,89390.4939,,59449.,,,62393.310000000005,31177.167999999998,1239.1328,,32458.865,17062.711,3098.5890999999997,,,,,,,,,,,,,,,,3600.,,,,,,,,,,,,,,,,,,,,,,,,,,,,,,,,,,,,,,,,,,,,,,,,,,,,,,,,,,,,,,,,,,,,,,,,,,,,,,,,,,,,,,,,,,,,,,,,,,,,,,,,,,,,,,,,,106759,
[4673],CONVERGENT MARGIN,AEOLIAN ARC / ITALY / STROMBOLI / STROMBOLI / TYRRHENIAN SEA,,38.79,38.79,15.21,15.21,SUBAERIAL,,,s STR84 [4673],"LEUCITITE, TEPHRITIC [4673]",,,,,,,,,VOLCANIC ROCK,,,,,WHOLE_ROCK [4673] ,245029.42700000003,5274.192,,91295.7975,,22660.56,32879.79,,63894.17999999999,30996.255999999998,1161.687,,34949.315,17136.8967,2924.0207,,,,,,,,,,,,,,,,5000.,,,,,,,,,,,,,,,,,,,,,,,,,,,,,,,,,,,32,,,,,,,,125,886,29,207,27,,,,,,,,,,,,,,,,,,,,,,,,,,,,,,,,,,,,,,,,,,,,,,,,,,,,,,,,,,,,,,,,,,106761,
[4673],CONVERGENT MARGIN,AEOLIAN ARC / ITALY / STROMBOLI / STROMBOLI / TYRRHENIAN SEA,,38.79,38.79,15.21,15.21,SUBAERIAL,,,s STR119 [4673],"LEUCITITE, TEPHRITIC [4673]",,,,,,,,,VOLCANIC ROCK,,,,,WHOLE_ROCK [4673] ,245450.1185,4734.786,,92195.52420000001,,10141.3,44461.56,,64251.53,32021.423999999995,1084.2412000000002,,30549.52,18694.7964,3360.4417000000003,,,,,,,,,,,,,,,,6500.,,,,,,,,,,,,,,,,,,,,,,,,,,,,,,,,,,,37,,,,,,,,126,846,32,195,29,,,,,,,,,,,,,,,,,,,,,,,,,,,,,,,,,,,,,,,,,,,,,,,,,,,,,,,,,,,,,,,,,,106762,
[4673],CONVERGENT MARGIN,AEOLIAN ARC / ITALY / STROMBOLI / STROMBOLI / TYRRHENIAN SEA,,38.79,38.79,15.21,15.21,SUBAERIAL,,,s STR134 [4673],"LEUCITITE, TEPHRITIC [4673]",,,,,,,,,VOLCANIC ROCK,,,,,WHOLE_ROCK [4673] ,245730.57950000002,5154.324,,91560.42300000001,,8812.44,44461.56,,63393.88999999999,34976.32,1006.7954,,34617.255,15653.182699999998,2705.8102,,,,,,,,,,,,,,,,5400.,,,,,,,,,,,,,,,,,,,,,,,,,,,,,,,,,,,37,,,,,,,,140,727,27,193,28,,,,,,,,,,,,,,,,,,,,,,,,,,,,,,,,,,,,,,,,,,,,,,,,,,,,,,,,,,,,,,,,,,106763,
[4673],CONVERGENT MARGIN,AEOLIAN ARC / ITALY / STROMBOLI / STROMBOLI / TYRRHENIAN SEA,,38.79,38.79,15.21,15.21,SUBAERIAL,,,s STR226 [4673],"LEUCITITE, TEPHRITIC [4673]",,,,,,,,,VOLCANIC ROCK,,,,,WHOLE_ROCK [4673] ,245777.323,5094.389999999999,,91454.57280000001,,53713.92,,,61964.49,34916.015999999996,1084.2412000000002,,31711.73,17062.711,3054.9469999999997,,,,,,,,,,,,,,,,1900.,,,,,,,,,,,,,,,,,,,,,,,,,,,,,,,,,,,,,,,,,,,,,,,,,,,,,,,,,,,,,,,,,,,,,,,,,,,,,,,,,,,,,,,,,,,,,,,,,,,,,,,,,,,,,,,,,106764,
[4673],CONVERGENT MARGIN,AEOLIAN ARC / ITALY / STROMBOLI / STROMBOLI / TYRRHENIAN SEA,,38.79,38.79,15.21,15.21,SUBAERIAL,,,s STR21 [4673],"LEUCITITE, TEPHRITIC [4673]",,,,,,,,,VOLCANIC ROCK,,,,,WHOLE_ROCK [4673] ,246384.98850000004,5513.928,,98493.6111,,13288.599999999999,41274.63,,57176,29307.744,1084.2412000000002,,34783.285,18694.7964,1876.6103,,,,,,,,,,,,,,,,3300.,,,,,,,,,,,,,,,,,,,,,,,,,,,,,,,,,,,26,,,,,,,,135,691,33,208,32,,,,,,,,,,,,,1654,,111,,,,,,,,,,,,,,,,,,,,,,,,,,,,,,,,,,,,,,,,,,,,,,,,,,,106766,
[4673],CONVERGENT MARGIN,AEOLIAN ARC / ITALY / STROMBOLI / STROMBOLI / TYRRHENIAN SEA,,38.79,38.79,15.21,15.21,SUBAERIAL,,,s STR223 [4673],"LEUCITITE, TEPHRITIC [4673]",,,,,,,,,VOLCANIC ROCK,,,,,WHOLE_ROCK [4673] ,247273.11500000002,5394.0599999999995,,89813.8947,,56511.520000000004,,,62393.310000000005,33167.2,1084.2412000000002,,31130.625,17878.7537,2531.2418,,,,,,,,,,,,,,,,400.,,,,,,,,,,,,,,,,,,,,,,,,,,,,,,,,,,,,,,,,,,,,,,,,,,,,,,,,,,,,,,,,,,,,,,,,,,,,,,,,,,,,,,,,,,,,,,,,,,,,,,,,,,,,,,,,,106768,
[4673],CONVERGENT MARGIN,AEOLIAN ARC / ITALY / STROMBOLI / STROMBOLI / TYRRHENIAN SEA,,38.79,38.79,15.21,15.21,SUBAERIAL,,,s STR219 [4673],"LEUCITITE, TEPHRITIC [4673]",,,,,,,,,VOLCANIC ROCK,,,,,WHOLE_ROCK [4673] ,250077.725,5753.664,,92777.70030000001,,60637.979999999996,,,60535.090000000004,19960.624,1316.5786,,34036.149999999994,19510.839099999997,2705.8102,,,,,,,,,,,,,,,,400.,,,,,,,,,,,,,,,,,,,,,,,,,,,,,,,,,,,,,,,,,,,,,,,,,,,,,,,,,,,,,,,,,,,,,,,,,,,,,,,,,,,,,,,,,,,,,,,,,,,,,,,,,,,,,,,,,106769,
[4673],CONVERGENT MARGIN,AEOLIAN ARC / ITALY / STROMBOLI / STROMBOLI / TYRRHENIAN SEA,,38.79,38.79,15.21,15.21,SUBAERIAL,,,s STR221 [4673],"LEUCITITE, TEPHRITIC [4673]",,,,,,,,,VOLCANIC ROCK,,,,,WHOLE_ROCK [4673] ,251339.79950000002,5633.795999999999,,93042.32579999999,,57350.799999999996,,,56389.829999999994,25387.983999999997,1161.687,,32375.85,19659.210499999997,2574.8839,,,,,,,,,,,,,,,,1100.,,,,,,,,,,,,,,,,,,,,,,,,,,,,,,,,,,,,,,,,,,,,,,,,,,,,,,,,,,,,,,,,,,,,,,,,,,,,,,,,,,,,,,,,,,,,,,,,,,,,,,,,,,,,,,,,,106770,
[4673],CONVERGENT MARGIN,AEOLIAN ARC / ITALY / STROMBOLI / STROMBOLI / TYRRHENIAN SEA,,38.79,38.79,15.21,15.21,SUBAERIAL,,,s STR222 [4673],"LEUCITITE, TEPHRITIC [4673]",,,,,,,,,VOLCANIC ROCK,,,,,WHOLE_ROCK [4673] ,252601.874,5334.126,,94100.82780000001,,54133.560000000005,,,56032.479999999996,25568.896,1084.2412000000002,,32209.82,20252.696099999997,2793.0944,,,,,,,,,,,,,,,,800.,,,,,,,,,,,,,,,,,,,,,,,,,,,,,,,,,,,,,,,,,,,,,,,,,,,,,,,,,,,,,,,,,,,,,,,,,,,,,,,,,,,,,,,,,,,,,,,,,,,,,,,,,,,,,,,,,106771,
[4673],CONVERGENT MARGIN,AEOLIAN ARC / ITALY / STROMBOLI / STROMBOLI / TYRRHENIAN SEA,,38.79,38.79,15.21,15.21,SUBAERIAL,,,s STR88 [4673],"LEUCITITE, TEPHRITIC [4673]",,,,,,,,,VOLCANIC ROCK,,,,,WHOLE_ROCK [4673] ,252648.6175,5394.0599999999995,,85209.41100000001,,17135.300000000003,38865,,63322.42,34011.456,1006.7954,,29719.37,16840.1539,2182.105,,,,,,,,,,,,,,,,4700.,,,,,,,,,,,,,,,,,,,,,,,,,,,,,,,,,,,46,,,,,,,,119,690,26,193,23,,,,,,,,,,,,,1532,,106,,,,,,,,,,,,,,,,,,,,,,,,,,,,,,,,,,,,,,,,,,,,,,,,,,,106772,
[4673],CONVERGENT MARGIN,AEOLIAN ARC / ITALY / STROMBOLI / STROMBOLI / TYRRHENIAN SEA,,38.79,38.79,15.21,15.21,SUBAERIAL,,,s STR81 [4673],"LEUCITITE, TEPHRITIC [4673]",,,,,,,,,VOLCANIC ROCK,,,,,WHOLE_ROCK [4673] ,252975.82200000001,5573.862,,91877.9736,,20282.6,35133.96,,58605.399999999994,25991.023999999998,1006.7954,,32209.82,18546.425,2443.9576,,,,,,,,,,,,,,,,5600.000000000001,,,,,,,,,,,,,,,,,,,,,,,,,,,,,,,,,,,16,,,,,,,,132,675,33,224,27,,,,,,,,,,,,,1536,,104,,,,,,,,,,,,,,,,,,,,,,,,,,,,,,,,,,,,,,,,,,,,,,,,,,,106773,
[4673],CONVERGENT MARGIN,AEOLIAN ARC / ITALY / STROMBOLI / STROMBOLI / TYRRHENIAN SEA,,38.79,38.79,15.21,15.21,SUBAERIAL,,,s STR211 [4673],"LEUCITITE, TEPHRITIC [4673]",,,,,,,,,VOLCANIC ROCK,,,,,WHOLE_ROCK [4673] ,255827.1755,5034.455999999999,,97382.184,,47769.020000000004,,,53531.03,17789.68,929.3496,,38684.99,20178.5104,2356.6734,,,,,,,,,,,,,,,,7400.,,,,,,,,,,,,,,,,,,,,,,,,,,,,,,,,,,,,,,,,,,,,,,,,,,,,,,,,,,,,,,,,,,,,,,,,,,,,,,,,,,,,,,,,,,,,,,,,,,,,,,,,,,,,,,,,,106774,
[4672],CONVERGENT MARGIN,AEOLIAN ARC / ITALY / ALICUDI / FILO DELL ARPA / TYRRHENIAN SEA,STRATOVOLCANO,38.55,38.55,11.366,11.366,SUBAERIAL,,,s ALC14 [4672],BASALT [4672],,,,,,,,PORPHYRITIC [4672] ,VOLCANIC ROCK,,,,,WHOLE_ROCK [4672] ,241243.2035,4734.786,,88808.3178,,25108.46,41974.200000000004,,77259.07,41489.151999999995,1316.5786,,8052.455,16765.9682,1221.9788,,,,,,,,,,,,,,,,4500.,,,,,,,,,,,,,,,,,,,,,,,,,,,,,,,,,,,48,,,,,,,,15,651,19,80,14,,,,,,,,,,,,,350,,,,,,,,,,,,,,,,,,,,,,,,,,,,,,,,,,,,,,,,,,,,,,,,,,,,,107146,
[4672],CONVERGENT MARGIN,AEOLIAN ARC / ITALY / ALICUDI / FILO DELL ARPA / TYRRHENIAN SEA,STRATOVOLCANO,38.55,38.55,11.366,11.366,SUBAERIAL,,,s ALC12 [4672],"ANDESITE, BASALTIC [4672]",,,,,,,,PORPHYRITIC [4672] ,VOLCANIC ROCK,,,,,WHOLE_ROCK [4672] ,246571.96250000002,4554.9839999999995,,88596.61739999999,,17345.12,46016.159999999996,,73614.1,41067.024,1239.1328,,8467.53,18249.6822,1091.0525,,,,,,,,,,,,,,,,3500.,,,,,,,,,,,,,,,,,,,,,,,,,,,,,,,,,,,43,,,,,,,,15,656,21,82,10,,,,,,,,,,,,,363,,,,,,,,,,,,,,,,,,,,,,,,,,,,,,,,,,,,,,,,,,,,,,,,,,,,,107147,
[4672],CONVERGENT MARGIN,AEOLIAN ARC / ITALY / ALICUDI / FILO DELL ARPA / TYRRHENIAN SEA,STRATOVOLCANO,38.55,38.55,11.366,11.366,SUBAERIAL,,,s ALC40 [4672],"ANDESITE, BASALTIC [4672]",,,,,,,,PORPHYRITIC [4672] ,VOLCANIC ROCK,,,,,WHOLE_ROCK [4672] ,246899.16700000002,4794.72,,87643.9656,,19023.68,38320.89,,68468.26,48484.41599999999,1161.687,,10625.92,18843.1678,1134.6946,,,,,,,,,,,,,,,,3200.,,,,,,,,,,,,,,,,,,,,,,,,,,,,,,,,,,,88,,,,,,,,36,629,25,107,12,,,,,,,,,,,,,365,,,,,,,,,,,,,,,,,,,,,,,,,,,,,,,,,,,,,,,,,,,,,,,,,,,,,107148,
[4672],CONVERGENT MARGIN,AEOLIAN ARC / ITALY / STROMBOLI / STROMBOLI / TYRRHENIAN SEA,,38.79,38.79,15.21,15.21,SUBAERIAL,,,s STR187 [4672],"ANDESITE, BASALTIC [4672]",,,,,,,,PORPHYRITIC [4672] ,VOLCANIC ROCK,,,,,WHOLE_ROCK [4672] ,248675.42000000004,4674.852,,85474.0365,,26297.44,31947.030000000002,,68682.67,42996.75199999999,1084.2412000000002,,10542.905,19881.7676,1091.0525,,,,,,,,,,,,,,,,8700.,,,,,,,,,,,,,,,,,,,,,,,,,,,,,,,,,,,93,,,,,,,,32,547,20,104,7,,,,,,,,,,,,,328,,,,,,,,,,,,,,,,,,,,,,,,,,,,,,,,,,,,,,,,,,,,,,,,,,,,,107149,
[4672],CONVERGENT MARGIN,AEOLIAN ARC / ITALY / ALICUDI / FILO DELL ARPA / TYRRHENIAN SEA,STRATOVOLCANO,38.55,38.55,11.366,11.366,SUBAERIAL,,,s ALC66 [4672],"ANDESITE, BASALTIC [4672]",,,,,,,,PORPHYRITIC [4672] ,VOLCANIC ROCK,,,,,WHOLE_ROCK [4672] ,250030.98150000002,4974.521999999999,,93465.72660000001,,18673.98,41352.36,,65609.45999999999,32684.767999999996,1161.687,,14859.685,22181.5243,960.1262,,,,,,,,,,,,,,,,2800.0000000000005,,,,,,,,,,,,,,,,,,,,,,,,,,,,,,,,,,,45,,,,,,,,58,679,20,109,10,,,,,,,,,,,,,584,,,,,,,,,,,,,,,,,,,,,,,,,,,,,,,,,,,,,,,,,,,,,,,,,,,,,107150,
[4672],CONVERGENT MARGIN,AEOLIAN ARC / ITALY / ALICUDI / FILO DELL ARPA / TYRRHENIAN SEA,STRATOVOLCANO,38.55,38.55,11.366,11.366,SUBAERIAL,,,s ALC35 [4672],"ANDESITE, BASALTIC [4672]",,,,,,,,PORPHYRITIC [4672] ,VOLCANIC ROCK,,,,,WHOLE_ROCK [4672] ,252601.874,4794.72,,98705.3115,,13848.119999999999,39797.76,,65323.58,32443.551999999996,1084.2412000000002,,13116.37,20549.4389,1396.5472,,,,,,,,,,,,,,,,700.0000000000001,,,,,,,,,,,,,,,,,,,,,,,,,,,,,,,,,,,38,,,,,,,,33,724,14,102,8,,,,,,,,,,,,,475,,,,,,,,,,,,,,,,,,,,,,,,,,,,,,,,,,,,,,,,,,,,,,,,,,,,,107151,
[4672],CONVERGENT MARGIN,AEOLIAN ARC / ITALY / ALICUDI / FILO DELL ARPA / TYRRHENIAN SEA,STRATOVOLCANO,38.55,38.55,11.366,11.366,SUBAERIAL,,,s ALC9 [4672],"ANDESITE, BASALTIC [4672]",,,,,,,,PORPHYRITIC [4672] ,VOLCANIC ROCK,,,,,WHOLE_ROCK [4672] ,256995.763,4255.313999999999,,85685.7369,,16785.6,38709.54,,64180.060000000005,37690.,1161.687,,11871.144999999999,21217.1102,1309.263,,,,,,,,,,,,,,,,4800.,,,,,,,,,,,,,,,,,,,,,,,,,,,,,,,,,,,55,,,,,,,,32,598,18,,14,,,,,,,,,,,,,520,,,,,,,,,,,,,,,,,,,,,,,,,,,,,,,,,,,,,,,,,,,,,,,,,,,,,107153,
[4672],CONVERGENT MARGIN,AEOLIAN ARC / ITALY / STROMBOLI / STROMBOLI / TYRRHENIAN SEA,,38.79,38.79,15.21,15.21,SUBAERIAL,,,s STR190 [4672],ANDESITE [4672],,,,,,,,PORPHYRITIC [4672] ,VOLCANIC ROCK,,,,,WHOLE_ROCK [4672] ,263773.57050000003,4135.445999999999,,95741.5059,,13078.78,35444.88,,53531.03,24965.855999999996,1084.2412000000002,,16852.045,24852.2095,1571.1155999999999,,,,,,,,,,,,,,,,8000.,,,,,,,,,,,,,,,,,,,,,,,,,,,,,,,,,,,23,,,,,,,,58,681,23,145,16,,,,,,,,,,,,,565,,,,,,,,,,,,,,,,,,,,,,,,,,,,,,,,,,,,,,,,,,,,,,,,,,,,,107155,
[4672],CONVERGENT MARGIN,AEOLIAN ARC / ITALY / ALICUDI / FILO DELL ARPA / TYRRHENIAN SEA,STRATOVOLCANO,38.55,38.55,11.366,11.366,SUBAERIAL,,,s ALC15 [4672],ANDESITE [4672],,,,,,,,PORPHYRITIC [4672] ,VOLCANIC ROCK,,,,,WHOLE_ROCK [4672] ,264381.23600000003,4614.918,,91242.8724,,17065.36,31713.84,,51672.810000000005,23820.079999999998,1084.2412000000002,,15938.88,26410.1092,1221.9788,,,,,,,,,,,,,,,,18200.,,,,,,,,,,,,,,,,,,,,,,,,,,,,,,,,,,,28,,,,,,,,48,77,24,47,17,,,,,,,,,,,,,76,,,,,,,,,,,,,,,,,,,,,,,,,,,,,,,,,,,,,,,,,,,,,,,,,,,,,107156,
[4672],CONVERGENT MARGIN,AEOLIAN ARC / ITALY / ALICUDI / FILO DELL ARPA / TYRRHENIAN SEA,STRATOVOLCANO,38.55,38.55,11.366,11.366,SUBAERIAL,,,s ALC45 [4672],ANDESITE [4672],,,,,,,,PORPHYRITIC [4672] ,VOLCANIC ROCK,,,,,WHOLE_ROCK [4672] ,265035.645,4195.379999999999,,96641.23260000002,,13358.539999999999,35133.96,,51672.810000000005,25086.464,1084.2412000000002,,16104.91,23813.609699999997,1352.9051,,,,,,,,,,,,,,,,9300.,,,,,,,,,,,,,,,,,,,,,,,,,,,,,,,,,,,29,,,,,,,,56,735,36,144,12,,,,,,,,,,,,,647,,,,,,,,,,,,,,,,,,,,,,,,,,,,,,,,,,,,,,,,,,,,,,,,,,,,,107157,
[4672],CONVERGENT MARGIN,AEOLIAN ARC / ITALY / ALICUDI / FILO DELL ARPA / TYRRHENIAN SEA,STRATOVOLCANO,38.55,38.55,11.366,11.366,SUBAERIAL,,,s ALC43 [4672],ANDESITE [4672],,,,,,,,PORPHYRITIC [4672] ,VOLCANIC ROCK,,,,,WHOLE_ROCK [4672] ,267045.6155,4135.445999999999,,94259.6031,,11679.98,33579.36,,53102.21,25327.68,1084.2412000000002,,18014.255,24332.9096,1614.7576999999999,,,,,,,,,,,,,,,,7800.,,,,,,,,,,,,,,,,,,,,,,,,,,,,,,,,,,,27,,,,,,,,53,726,28,144,14,,,,,,,,,,,,,684,,,,,,,,,,,,,,,,,,,,,,,,,,,,,,,,,,,,,,,,,,,,,,,,,,,,,107158,
[4672],CONVERGENT MARGIN,AEOLIAN ARC / ITALY / ALICUDI / FILO DELL ARPA / TYRRHENIAN SEA,STRATOVOLCANO,38.55,38.55,11.366,11.366,SUBAERIAL,,,s ALC67 [4672],ANDESITE [4672],,,,,,,,PORPHYRITIC [4672] ,VOLCANIC ROCK,,,,,WHOLE_ROCK [4672] ,267279.33300000004,5214.258,,94841.77920000002,,16575.780000000002,36377.64,,49171.36,19297.28,1084.2412000000002,,19923.6,27151.9662,1440.1893,,,,,,,,,,,,,,,,3700.,,,,,,,,,,,,,,,,,,,,,,,,,,,,,,,,,,,12,,,,,,,,79,647,31,160,19,,,,,,,,,,,,,799,,,,,,,,,,,,,,,,,,,,,,,,,,,,,,,,,,,,,,,,,,,,,,,,,,,,,107159,
[4672],CONVERGENT MARGIN,AEOLIAN ARC / ITALY / ALICUDI / FILO DELL ARPA / TYRRHENIAN SEA,STRATOVOLCANO,38.55,38.55,11.366,11.366,SUBAERIAL,,,s ALC5 [4672],ANDESITE [4672],,,,,,,,PORPHYRITIC [4672] ,VOLCANIC ROCK,,,,,WHOLE_ROCK [4672] ,267980.4855,4015.578,,94894.7043,,12659.140000000001,33890.280000000006,,50743.7,23277.343999999997,1084.2412000000002,,17433.15,24629.6524,1527.4734999999998,,,,,,,,,,,,,,,,10200.,,,,,,,,,,,,,,,,,,,,,,,,,,,,,,,,,,,,,,,,,,,60,703,24,16,21,,,,,,,,,,,,,656,,,,,,,,,,,,,,,,,,,,,,,,,,,,,,,,,,,,,,,,,,,,,,,,,,,,,107160,
[4672],CONVERGENT MARGIN,AEOLIAN ARC / ITALY / ALICUDI / FILO DELL ARPA / TYRRHENIAN SEA,STRATOVOLCANO,38.55,38.55,11.366,11.366,SUBAERIAL,,,s ALC17 [4672],ANDESITE [4672],,,,,,,,PORPHYRITIC [4672] ,VOLCANIC ROCK,,,,,WHOLE_ROCK [4672] ,268307.69,4135.445999999999,,93730.3521,,14127.880000000001,34201.200000000004,,51744.28,24302.512,1084.2412000000002,,16603.,24703.8381,1527.4734999999998,,,,,,,,,,,,,,,,6899.999999999999,,,,,,,,,,,,,,,,,,,,,,,,,,,,,,,,,,,,,,,,,,,56,648,27,21,22,,,,,,,,,,,,,147,,,,,,,,,,,,,,,,,,,,,,,,,,,,,,,,,,,,,,,,,,,,,,,,,,,,,107161,
[4672],CONVERGENT MARGIN,AEOLIAN ARC / ITALY / ALICUDI / FILO DELL ARPA / TYRRHENIAN SEA,STRATOVOLCANO,38.55,38.55,11.366,11.366,SUBAERIAL,,,s ALC55 [4672],ANDESITE [4672],,,,,,,,PORPHYRITIC [4672] ,VOLCANIC ROCK,,,,,WHOLE_ROCK [4672] ,268588.151,4315.248,,90290.2206,,22170.98,29848.32,,53030.74,24965.855999999996,1084.2412000000002,,18429.33,24926.3952,1396.5472,,,,,,,,,,,,,,,,1500.,,,,,,,,,,,,,,,,,,,,,,,,,,,,,,,,,,,17,,,,,,,,47,734,25,132,18,,,,,,,,,,,,,837,,,,,,,,,,,,,,,,,,,,,,,,,,,,,,,,,,,,,,,,,,,,,,,,,,,,,107162,
[4672],CONVERGENT MARGIN,AEOLIAN ARC / ITALY / ALICUDI / FILO DELL ARPA / TYRRHENIAN SEA,STRATOVOLCANO,38.55,38.55,11.366,11.366,SUBAERIAL,,,s ALC1 [4672],ANDESITE [4672],,,,,,,,PORPHYRITIC [4672] ,VOLCANIC ROCK,,,,,WHOLE_ROCK [4672] ,269429.53400000004,4195.379999999999,,93677.427,,13358.539999999999,34512.12,,51029.579999999994,24423.12,1084.2412000000002,,17018.074999999997,25371.5094,1527.4734999999998,,,,,,,,,,,,,,,,4500.,,,,,,,,,,,,,,,,,,,,,,,,,,,,,,,,,,,26,,,,,,,,57,657,22,152,21,,,,,,,,,,,,,670,,,,,,,,,,,,,,,,,,,,,,,,,,,,,,,,,,,,,,,,,,,,,,,,,,,,,107163,
[4672],CONVERGENT MARGIN,AEOLIAN ARC / ITALY / ALICUDI / FILO DELL ARPA / TYRRHENIAN SEA,STRATOVOLCANO,38.55,38.55,11.366,11.366,SUBAERIAL,,,s ALC42 [4672],ANDESITE [4672],,,,,,,,PORPHYRITIC [4672] ,VOLCANIC ROCK,,,,,WHOLE_ROCK [4672] ,270411.1475,3955.644,,94418.3784,,10491.,32646.600000000002,,48956.95,25629.199999999997,1006.7954,,17848.225,27522.894699999997,1658.3998000000001,,,,,,,,,,,,,,,,4700.,,,,,,,,,,,,,,,,,,,,,,,,,,,,,,,,,,,26,,,,,,,,53,738,39,151,15,,,,,,,,,,,,,715,,,,,,,,,,,,,,,,,,,,,,,,,,,,,,,,,,,,,,,,,,,,,,,,,,,,,107165,
[4672],CONVERGENT MARGIN,AEOLIAN ARC / ITALY / STROMBOLI / STROMBOLI / TYRRHENIAN SEA,,38.79,38.79,15.21,15.21,SUBAERIAL,,,s STR192 [4672],ANDESITE [4672],,,,,,,,PORPHYRITIC [4672] ,VOLCANIC ROCK,,,,,WHOLE_ROCK [4672] ,270457.891,3775.8419999999996,,87379.34010000002,,19233.5,29848.32,,52959.270000000004,26955.887999999995,1006.7954,,17433.15,25074.7666,1396.5472,,,,,,,,,,,,,,,,5400.,,,,,,,,,,,,,,,,,,,,,,,,,,,,,,,,,,,25,,,,,,,,49,722,21,138,16,,,,,,,,,,,,,680,,,,,,,,,,,,,,,,,,,,,,,,,,,,,,,,,,,,,,,,,,,,,,,,,,,,,107166,
[4672],CONVERGENT MARGIN,AEOLIAN ARC / ITALY / ALICUDI / FILO DELL ARPA / TYRRHENIAN SEA,STRATOVOLCANO,38.55,38.55,11.366,11.366,SUBAERIAL,,,s ALC18 [4672],ANDESITE [4672],,,,,,,,PORPHYRITIC [4672] ,VOLCANIC ROCK,,,,,WHOLE_ROCK [4672] ,270644.865,4015.578,,94312.5282,,12379.380000000001,34201.200000000004,,50029,24000.992,1084.2412000000002,,16935.06,24778.0238,1571.1155999999999,,,,,,,,,,,,,,,,4300.,,,,,,,,,,,,,,,,,,,,,,,,,,,,,,,,,,,28,,,,,,,,55,657,24,145,20,,,,,,,,,,,,,662,,,,,,,,,,,,,,,,,,,,,,,,,,,,,,,,,,,,,,,,,,,,,,,,,,,,,107167,
[4672],CONVERGENT MARGIN,AEOLIAN ARC / ITALY / ALICUDI / FILO DELL ARPA / TYRRHENIAN SEA,STRATOVOLCANO,38.55,38.55,11.366,11.366,SUBAERIAL,,,s ALC4 [4672],ANDESITE [4672],,,,,,,,PORPHYRITIC [4672] ,VOLCANIC ROCK,,,,,WHOLE_ROCK [4672] ,271439.50450000004,4075.512,,95212.2549,,13148.72,32802.06,,47027.26,22071.264,1084.2412000000002,,17682.195,25223.138,1745.6840000000002,,,,,,,,,,,,,,,,8600.,,,,,,,,,,,,,,,,,,,,,,,,,,,,,,,,,,,21,,,,,,,,58,679,22,154,22,,,,,,,,,,,,,715,,,,,,,,,,,,,,,,,,,,,,,,,,,,,,,,,,,,,,,,,,,,,,,,,,,,,107168,
[4672],CONVERGENT MARGIN,AEOLIAN ARC / ITALY / STROMBOLI / STROMBOLI / TYRRHENIAN SEA,,38.79,38.79,15.21,15.21,SUBAERIAL,,,s STR191 [4672],ANDESITE [4672],,,,,,,,PORPHYRITIC [4672] ,VOLCANIC ROCK,,,,,WHOLE_ROCK [4672] ,272187.4005,3715.908,,95529.8055,,8532.68,32568.870000000003,,47098.729999999996,22975.824,929.3496,,18844.405,26632.666299999997,1440.1893,,,,,,,,,,,,,,,,9200.,,,,,,,,,,,,,,,,,,,,,,,,,,,,,,,,,,,16,,,,,,,,62,645,23,157,18,,,,,,,,,,,,,674,,,,,,,,,,,,,,,,,,,,,,,,,,,,,,,,,,,,,,,,,,,,,,,,,,,,,107170,
[4672],CONVERGENT MARGIN,AEOLIAN ARC / ITALY / ALICUDI / FILO DELL ARPA / TYRRHENIAN SEA,STRATOVOLCANO,38.55,38.55,11.366,11.366,SUBAERIAL,,,s ALC3 [4672],ANDESITE [4672],,,,,,,,PORPHYRITIC [4672] ,VOLCANIC ROCK,,,,,WHOLE_ROCK [4672] ,272280.8875,3775.8419999999996,,95635.6557,,9162.140000000001,34823.04,,46312.560000000005,22071.264,1006.7954,,18014.255,25816.6236,1832.9682,,,,,,,,,,,,,,,,9200.,,,,,,,,,,,,,,,,,,,,,,,,,,,,,,,,,,,22,,,,,,,,58,661,19,151,20,,,,,,,,,,,,,712,,,,,,,,,,,,,,,,,,,,,,,,,,,,,,,,,,,,,,,,,,,,,,,,,,,,,107171,
[4672],CONVERGENT MARGIN,AEOLIAN ARC / ITALY / STROMBOLI / STROMBOLI / TYRRHENIAN SEA,,38.79,38.79,15.21,15.21,SUBAERIAL,,,s STR195 [4672],ANDESITE [4672],,,,,,,,PORPHYRITIC [4672] ,VOLCANIC ROCK,,,,,WHOLE_ROCK [4672] ,274103.884,3715.908,,93994.97760000001,,12659.140000000001,29848.32,,47098.729999999996,23940.688,929.3496,,18844.405,27077.780499999997,1614.7576999999999,,,,,,,,,,,,,,,,3000.,,,,,,,,,,,,,,,,,,,,,,,,,,,,,,,,,,,18,,,,,,,,61,666,19,151,15,,,,,,,,,,,,,659,,,,,,,,,,,,,,,,,,,,,,,,,,,,,,,,,,,,,,,,,,,,,,,,,,,,,107173,
[4672],CONVERGENT MARGIN,AEOLIAN ARC / ITALY / ALICUDI / FILO DELL ARPA / TYRRHENIAN SEA,STRATOVOLCANO,38.55,38.55,11.366,11.366,SUBAERIAL,,,s ALC21 [4672],ANDESITE [4672],,,,,,,,PORPHYRITIC [4672] ,VOLCANIC ROCK,,,,,WHOLE_ROCK [4672] ,274711.5495,3835.776,,95106.4047,,12799.02,30470.16,,46669.91,22010.96,1006.7954,,18429.33,26187.552099999997,1658.3998000000001,,,,,,,,,,,,,,,,4300.,,,,,,,,,,,,,,,,,,,,,,,,,,,,,,,,,,,23,,,,,,,,58,664,21,149,20,,,,,,,,,,,,,735,,,,,,,,,,,,,,,,,,,,,,,,,,,,,,,,,,,,,,,,,,,,,,,,,,,,,107174,
[4672],CONVERGENT MARGIN,AEOLIAN ARC / ITALY / ALICUDI / FILO DELL ARPA / TYRRHENIAN SEA,STRATOVOLCANO,38.55,38.55,11.366,11.366,SUBAERIAL,,,s ALC46 [4672],ANDESITE [4672],,,,,,,,PORPHYRITIC [4672] ,VOLCANIC ROCK,,,,,WHOLE_ROCK [4672] ,278077.08150000003,4674.852,,95423.95530000002,,17904.64,24251.760000000002,,42667.59,16101.167999999998,851.9038,,20006.615,30193.5799,1876.6103,,,,,,,,,,,,,,,,3500.,,,,,,,,,,,,,,,,,,,,,,,,,,,,,,,,,,,15,,,,,,,,55,761,39,172,23,,,,,,,,,,,,,909,,,,,,,,,,,,,,,,,,,,,,,,,,,,,,,,,,,,,,,,,,,,,,,,,,,,,107175,
[4838],CONVERGENT MARGIN,AEOLIAN ARC / ITALY / FILICUDI / FOSSA FELCI / TYRRHENIAN SEA,CYCLE II,38.58,38.58,14.58,14.58,SUBAERIAL,,,s FIL87 [4838],NOT GIVEN [4838],,,,,,,,,VOLCANIC ROCK,,,,,WHOLE_ROCK [4838] ,239093.0025,4375.182,,97699.73460000001,,,,31092,75686.73,31538.992000000002,1316.5786,,11207.025000000001,,523.7052,,,,,,,,,,,,,,,,,,,,,,,,,,,,,,,,,,,,,,,,,,,,,,,,,,,18,,,,,,,,31,733,18,79,6,,,,,,,,,,,,,387,19,,,,,,,,,,,,,,,,,,,,,,,,,,,,,,,,,,,,,,,,,,,,,,,,,,,,107985,
[4838],CONVERGENT MARGIN,AEOLIAN ARC / ITALY / FILICUDI / FOSSA FELCI / TYRRHENIAN SEA,CYCLE III,38.58,38.58,14.58,14.58,SUBAERIAL,,,s STR172 [4838],NOT GIVEN [4838],,,,,,,,,VOLCANIC ROCK,,,,,WHOLE_ROCK [4838] ,239279.97650000002,4255.313999999999,,95953.2063,,,,26428.2,78617,23940.688,1316.5786,,10874.965,,698.2736,,,,,,,,,,,,,,,,,,,,,,,,,,,,,,,,,,,,,,,,,,,,,,,,,,,13,,,,,,,,32,705,18,78,8,,,,,,,,,,,,,372,18,,,,,,,,,,,,,,,,,,,,,,,,,,,,,,,,,,,,,,,,,,,,,,,,,,,,107998,
[4838],CONVERGENT MARGIN,AEOLIAN ARC / ITALY / FILICUDI / FOSSA FELCI / TYRRHENIAN SEA,,38.58,38.58,14.58,14.58,SUBAERIAL,,,s FIL92 [4838],NOT GIVEN [4838],,,,,,,,,VOLCANIC ROCK,,,,,WHOLE_ROCK [4838] ,241523.6645,4195.379999999999,,100928.16570000001,,,,45782.969999999994,71898.82,24664.336,1239.1328,,14195.565,,741.9157,,,,,,,,,,,,,,,,,,,,,,,,,,,,,,,,,,,,,,,,,,,,,,,,,,,22,,,,,,,,25,682,17,80,6,,,,,,,,,,,,,394,20,,,,,,,,,,,,,,,,,,,,,,,,,,,,,,,,,,,,,,,,,,,,,,,,,,,,108011,
[4838],CONVERGENT MARGIN,AEOLIAN ARC / ITALY / FILICUDI / FOSSA FELCI / TYRRHENIAN SEA,CYCLE III,38.58,38.58,14.58,14.58,SUBAERIAL,,,s FIL6 [4838],NOT GIVEN [4838],,,,,,,,,VOLCANIC ROCK,,,,,WHOLE_ROCK [4838] ,273870.16650000005,3536.1059999999998,,94153.75289999999,,,,14690.97,52387.51,18272.111999999997,1084.2412000000002,,20587.72,,785.5577999999999,,,,,,,,,,,,,,,,,,,,,,,,,,,,,,,,,,,,,,,,,,,,,,,,,,,6,,,,,,,,76,672,20,115,9,,,,,,,,,,,,,589,33,,,,,,,,,,,,,,,,,,,,,,,,,,,,,,,,,,,,,,,,,,,,,,,,,,,,108027,
[4838],CONVERGENT MARGIN,AEOLIAN ARC / ITALY / FILICUDI / FOSSA FELCI / TYRRHENIAN SEA,CYCLE III,38.58,38.58,14.58,14.58,SUBAERIAL,,,s FIL1 [4838],NOT GIVEN [4838],,,,,,,,,VOLCANIC ROCK,,,,,WHOLE_ROCK [4838] ,288407.395,3116.5679999999998,,91295.7975,,,,17877.899999999998,42095.829999999994,15799.648,851.9038,,21749.93,,1047.4104,,,,,,,,,,,,,,,,,,,,,,,,,,,,,,,,,,,,,,,,,,,,,,,,,,,6,,,,,,,,70,601,18,110,12,,,,,,,,,,,,,613,30,,,,,,,,,,,,,,,,,,,,,,,,,,,,,,,,,,,,,,,,,,,,,,,,,,,,108031,
[4862],CONVERGENT MARGIN,AEOLIAN ARC / ITALY / VULCANO / LA FOSSA DI VULCANO / TYRRHENIAN SEA,1888,38.404,38.404,14.963,14.963,SUBAERIAL,,,s GS44 [4862],"ANDESITE, BASALTIC [4862]",,,,,,,,,VOLCANIC ROCK,,,,,WHOLE_ROCK [4862] ,,,,,,,,,,,,,,,,,,,,,,,,,,,,,,,,,,,,,,,,,,,,,,1.2,14,,,,,,,,,,,,,,,,,,,,,,,,,,,,,,,,,,,,,,,,,,,,,,,,,,,,,,,,,,,,,,,,,,,,,,,,,,,,,,,,,,,,,,,,,,,,,,,,,108473,
[4862],CONVERGENT MARGIN,AEOLIAN ARC / ITALY / VULCANO / LA FOSSA DI VULCANO / TYRRHENIAN SEA,1888,38.404,38.404,14.963,14.963,SUBAERIAL,,,s GS91-53 [4862],TRACHYANDESITE [4862],,,,,,,,,VOLCANIC ROCK,,,,,WHOLE_ROCK [4862] ,,,,,,,,,,,,,,,,,,,,,,,,,,,,,,,,,,,,,,,,,,,,,,1.8,19.1,,,,,,,,,,,,,,,,,,,,,,,,,,,,,,,,,,,,,,,,,,,,,,,,,,,,,,,,,,,,,,,,,,,,,,,,,,,,,,,,,,,,,,,,,,,,,,,,,108475,
[4862],CONVERGENT MARGIN,AEOLIAN ARC / ITALY / VULCANO / LA FOSSA DI VULCANO / TYRRHENIAN SEA,1888,38.404,38.404,14.963,14.963,SUBAERIAL,,,s GS9 [4862],TRACHYBASALT [4862],,,,,,,,,VOLCANIC ROCK,,,,,WHOLE_ROCK [4862] ,,,,,,,,,,,,,,,,,,,,,,,,,,,,,,,,,,,,,,,,,,,,,,1.6,19,,,,,,,,,,,,,,,,,,,,,,,,,,,,,,,,,,,,,,,,,,,,,,,,,,,,,,,,,,,,,,,,,,,,,,,,,,,,,,,,,,,,,,,,,,,,,,,,,108480,
[4862],CONVERGENT MARGIN,AEOLIAN ARC / ITALY / VULCANO / LA FOSSA DI VULCANO / TYRRHENIAN SEA,1888,38.404,38.404,14.963,14.963,SUBAERIAL,,,s GS91-54 [4862],SHOSHONITE [4862],,,,,,,,,VOLCANIC ROCK,,,,,WHOLE_ROCK [4862] ,,,,,,,,,,,,,,,,,,,,,,,,,,,,,,,,,,,,,,,,,,,,,,3.5,48.5,,,,,,,,,,,,,,,,,,,,,,,,,,,,,,,,,,,,,,,,,,,,,,,,,,,,,,,,,,,,,,,,,,,,,,,,,,,,,,,,,,,,,,,,,,,,,,,,,108482,
[4862],CONVERGENT MARGIN,AEOLIAN ARC / ITALY / VULCANO / LA FOSSA DI VULCANO / TYRRHENIAN SEA,1888,38.404,38.404,14.963,14.963,SUBAERIAL,,,s GS91-66 [4862],NOT GIVEN [4862],,,,,,,,,VOLCANIC ROCK,,,,,WHOLE_ROCK [4862] ,,,,,,,,,,,,,,,,,,,,,,,,,,,,,,,,,,,,,,,,,,,,,,3.6,60,,,,,,,,,,,,,,,,,,,,,,,,,,,,,,,,,,,,,,,,,,,,,,,,,,,,,,,,,,,,,,,,,,,,,,,,,,,,,,,,,,,,,,,,,,,,,,,,,108484,
[4923],CONVERGENT MARGIN,AEOLIAN ARC / ITALY / STROMBOLI / STROMBOLI / TYRRHENIAN SEA,,38.79,38.79,15.21,15.21,SUBAERIAL,,,s STR124N [4923],NOT GIVEN [4923],,,,,,,,,VOLCANIC ROCK,,,,,WHOLE_ROCK [4923] ,261389.65200000003,4554.9839999999995,,87643.9656,,14827.28,35133.96,,54245.729999999996,24965.855999999996,1084.2412000000002,,17101.09,24184.5382,1091.0525,,,,,,,,,,,,,,,,21500.,,,,,,,,,,,,,,,,,,,,,,,,,,,,,,,,,,,,,,,,,,,69,545,,,,,,,,,,,,,,,,,,,,,,,,,,,,,,,,,,,,,,,,,,,,,,,,0.70559,,,,,,,,,,,,,,,,,,,,,112722,
[4923],CONVERGENT MARGIN,AEOLIAN ARC / ITALY / STROMBOLI / STROMBOLI / TYRRHENIAN SEA,,38.79,38.79,15.21,15.21,SUBAERIAL,,,s STR194 [4923],NOT GIVEN [4923],,,,,,,,,VOLCANIC ROCK,,,,,WHOLE_ROCK [4923] ,260221.06450000004,3955.644,,86056.21260000001,,11749.92,43839.719999999994,,64537.409999999996,37991.52,1161.687,,13116.37,17211.0824,785.5577999999999,,,,,,,,,,,,,,,,4900.,,,,,,,,,,,,,,,,,,,,,,,,,,,,,,,,,,,,,,,,,,,40,492,,,,,,,,,,,,,,,,,,,,,,,,,,,,,,,,,,,,,,,,,,,,,,,,0.70538,,,,,,,,,,,,,,,,,,,,,112737,
[5055],CONVERGENT MARGIN,AEOLIAN ARC / ITALY / STROMBOLI / STROMBOLI / TYRRHENIAN SEA,LOWER SEQUENCE,38.79,38.79,15.21,15.21,SUBAERIAL,,,s ST68 [5055],"ANDESITE, BASALTIC [5055]",,,,,,,,PORPHYRITIC [5055] ,VOLCANIC ROCK,,,,,WHOLE_ROCK [5055] ,244188.04400000002,4794.72,,95529.8055,,19723.079999999998,39642.299999999996,,70255.01,36122.096,1161.687,,13365.415,17656.1966,1091.0525,,,,,,,,,,,,,,,,7800.,,,,,,,,,,,,,,,,,,,,,,,,,,,,,,,,,,,,,,,,,,,,,,,,,,,,,,,,,,,,,,,,,,,,,,,,,,,,,,,,,,,,,,,,,,,,,,,,,,,,,,,,,,,,,,,,,113228,
[5055],CONVERGENT MARGIN,AEOLIAN ARC / ITALY / STROMBOLI / STROMBOLI / TYRRHENIAN SEA,LOWER SEQUENCE,38.79,38.79,15.21,15.21,SUBAERIAL,,,s ST70 [5055],"ANDESITE, BASALTIC [5055]",,,,,,,,PORPHYRITIC [5055] ,VOLCANIC ROCK,,,,,WHOLE_ROCK [5055] ,252321.413,5034.455999999999,,93942.0525,,22101.04,35367.15,,62965.07000000001,30815.344,1161.687,,16270.94,19139.9106,1134.6946,,,,,,,,,,,,,,,,8600.,,,,,,,,,,,,,,,,,,,,,,,,,,,,,,,,,,,,,,,,,,,,,,,,,,,,,,,,,,,,,,,,,,,,,,,,,,,,,,,,,,,,,,,,,,,,,,,,,,,,,,,,,,,,,,,,,113229,
[5055],CONVERGENT MARGIN,AEOLIAN ARC / ITALY / STROMBOLI / STROMBOLI / TYRRHENIAN SEA,LOWER SEQUENCE,38.79,38.79,15.21,15.21,SUBAERIAL,,,s ST74 [5055],"ANDESITE, BASALTIC [5055]",,,,,,,,PORPHYRITIC [5055] ,VOLCANIC ROCK,,,,,WHOLE_ROCK [5055] ,242785.739,4914.588,,94947.6294,,28185.820000000003,32957.520000000004,,72327.64,34614.496,1161.687,,12369.235,17433.6395,960.1262,,,,,,,,,,,,,,,,9400.,,,,,,,,,,,,,,,,,,,,,,,,,,,,,,,,,,,,,,,,,,,,,,,,,,,,,,,,,,,,,,,,,,,,,,,,,,,,,,,,,,,,,,,,,,,,,,,,,,,,,,,,,,,,,,,,,113230,
[5055],CONVERGENT MARGIN,AEOLIAN ARC / ITALY / STROMBOLI / STROMBOLI / TYRRHENIAN SEA,LOWER SEQUENCE,38.79,38.79,15.21,15.21,SUBAERIAL,,,s ST89 [5055],"ANDESITE, BASALTIC [5055]",,,,,,,,PORPHYRITIC [5055] ,VOLCANIC ROCK,,,,,WHOLE_ROCK [5055] ,243393.40450000003,4614.918,,91877.9736,,20212.66,37232.67,,69897.65999999999,44504.352,1161.687,,13116.37,15504.811299999998,872.8420000000001,,,,,,,,,,,,,,,,9400.,,,,,,,,,,,,,,,,,,,,,,,,,,,,,,,,,,,,,,,,,,,,,,,,,,,,,,,,,,,,,,,,,,,,,,,,,,,,,,,,,,,,,,,,,,,,,,,,,,,,,,,,,,,,,,,,,113231,
[5055],CONVERGENT MARGIN,AEOLIAN ARC / ITALY / STROMBOLI / STROMBOLI / TYRRHENIAN SEA,LOWER SEQUENCE,38.79,38.79,15.21,15.21,SUBAERIAL,,,s ST90 [5055],"ANDESITE, BASALTIC [5055]",,,,,,,,PORPHYRITIC [5055] ,VOLCANIC ROCK,,,,,WHOLE_ROCK [5055] ,247460.089,4854.654,,95423.95530000002,,22660.56,36688.56,,66967.39,32443.551999999996,1161.687,,15025.715,16691.7825,1003.7683000000001,,,,,,,,,,,,,,,,10700.,,,,,,,,,,,,,,,,,,,,,,,,,,,,,,,,,,,,,,,,,,,,,,,,,,,,,,,,,,,,,,,,,,,,,,,,,,,,,,,,,,,,,,,,,,,,,,,,,,,,,,,,,,,,,,,,,113232,
[5055],CONVERGENT MARGIN,AEOLIAN ARC / ITALY / STROMBOLI / STROMBOLI / TYRRHENIAN SEA,"TRENCH 1, UPPER SEQUENCE, SADDLE UPSLOPE OF THE SCORIA RAMPART BUILT BY THE VENT OF NEL CANNESTRA",38.79,38.79,15.21,15.21,SUBAERIAL,500,500,s ST61 [5055],BASALT [5055],5600 [5055],13800 [5055],,,,,,,VOLCANIC ROCK,,,,,WHOLE_ROCK [5055] ,240074.616,5394.0599999999995,,87061.7895,,21611.46,40497.33,,76472.9,39318.20799999999,1161.687,,15689.835,18101.3108,1702.0419000000002,,,,,,,,,,,,,,,,9100.,,,,,,,,,,,,,,,,,,,,,,,,,,,,,,,,,,,,,,,,,,,,,,,,,,,,,,,,,,,,,,,,,,,,,,,,,,,,,,,,,,,,,,,,,,,,,,,,,,,,,,,,,,,,,,,,,113235,
[5055],CONVERGENT MARGIN,AEOLIAN ARC / ITALY / STROMBOLI / STROMBOLI / TYRRHENIAN SEA,"TRENCH 1, UPPER SEQUENCE, SADDLE UPSLOPE OF THE SCORIA RAMPART BUILT BY THE VENT OF NEL CANNESTRA",38.79,38.79,15.21,15.21,SUBAERIAL,500,500,s ST62 [5055],BASALT [5055],5600 [5055],13800 [5055],,,,,,,VOLCANIC ROCK,,,,,WHOLE_ROCK [5055] ,241056.22950000002,5453.994,,88649.54250000001,,19723.079999999998,41818.74,,73828.51,37267.871999999996,1161.687,,17433.15,19436.6534,1789.3261,,,,,,,,,,,,,,,,7900.,,,,,,,,,,,,,,,,,,,,,,,,,,,,,,,,,,,,,,,,,,,,,,,,,,,,,,,,,,,,,,,,,,,,,,,,,,,,,,,,,,,,,,,,,,,,,,,,,,,,,,,,,,,,,,,,,113236,
[5055],CONVERGENT MARGIN,AEOLIAN ARC / ITALY / STROMBOLI / STROMBOLI / TYRRHENIAN SEA,"TRENCH 1, UPPER SEQUENCE, SADDLE UPSLOPE OF THE SCORIA RAMPART BUILT BY THE VENT OF NEL CANNESTRA",38.79,38.79,15.21,15.21,SUBAERIAL,500,500,s ST64 [5055],"ANDESITE, BASALTIC [5055]",5600 [5055],13800 [5055],,,,,,,VOLCANIC ROCK,,,,,WHOLE_ROCK [5055] ,245870.81000000003,5993.4,,91613.3481,,27556.36,36921.75,,67324.74,27800.144,1239.1328,,17267.12,21142.9245,1614.7576999999999,,,,,,,,,,,,,,,,9100.,,,,,,,,,,,,,,,,,,,,,,,,,,,,,,,,,,,,,,,,,,,,,,,,,,,,,,,,,,,,,,,,,,,,,,,,,,,,,,,,,,,,,,,,,,,,,,,,,,,,,,,,,,,,,,,,,113238,
[5055],CONVERGENT MARGIN,AEOLIAN ARC / ITALY / STROMBOLI / STROMBOLI / TYRRHENIAN SEA,"LOWEST TEPHRA LAYER, NE FLANK OF THE VOLCANO",38.79,38.79,15.21,15.21,SUBAERIAL,500,,s ST81 [5055],"ANDESITE, BASALTIC [5055]",,,,,,,,,VOLCANIC ROCK,,,,,WHOLE_ROCK [5055] ,240962.7425,5214.258,,85738.662,,21051.94,41974.200000000004,,75901.14,40041.85599999999,1239.1328,,16104.91,18175.4965,1658.3998000000001,,,,,,,,,,,,,,,,7900.,,,,,,,,,,,,,,,,,,,,,,,,,,,,,,,,,,,,,,,,,,,,,,,,,,,,,,,,,,,,,,,,,,,,,,,,,,,,,,,,,,,,,,,,,,,,,,,,,,,,,,,,,,,,,,,,,113244,
[4275],CONVERGENT MARGIN,AEOLIAN ARC / ITALY / STROMBOLI / STROMBOLI / TYRRHENIAN SEA,,38.79,38.79,15.21,15.21,SUBAERIAL,,,s ST143S [4275],BASALT [4275],,,,,,,,,VOLCANIC ROCK,,,,,WHOLE_ROCK [4275] ,233016.34750000003,5993.4,,93994.97760000001,,37977.42,26661.390000000003,,77402.01,37629.695999999996,1316.5786,,16270.94,18323.8679,1963.8945,4100.,,,,,,,,,,,,,,,,,,,,,,,,,,,,,,,,,,,,,,,,,,,,,271,60,,,33,44,,,,,,,,68,733,28,156,19,1.56,,,,,,,,,,,5,964,46,92,10.9,42,8.3,2.1,7.2,0.98,5.2,0.96,2.6,0.37,2.25,0.32,3.7,1.11,,,,,,,,,17,,14.8,3.7,,,,,,,,,,,,,,,,,,,,,,,,,113251,
[4275],CONVERGENT MARGIN,AEOLIAN ARC / ITALY / STROMBOLI / STROMBOLI / TYRRHENIAN SEA,"LAVA, SERRO MONACO S OF MALO PASSO AT THE COAST",38.79,38.79,15.21,15.21,SUBAERIAL,,,s ST140P [4275],BASALT [4275],,,,,,,,,VOLCANIC ROCK,,,,,WHOLE_ROCK [4275] ,,,,,,,,,,,,,,,,,,,,,,,,,,,,,,,,,,,,,,,,,,,,,,,,,,,,,,,,,,,,,278,51,,,34,46,,,,,,,,52,701,26,132,16,1.18,,,,,,,,,,,3.7,816,39,81,9.8,39,7.8,2,6.7,0.95,4.9,0.92,2.44,0.36,2.1,0.31,3.2,0.9,,,,,,,,,14,,11.4,2.87,,,,,,,,,,,,,,,,,,,,,,,,,113253,
