Citations,Tectonic Setting,Location,Location Comment,Latitude (Min),Latitude (Max),Longitude (Min),Longitude (Max),Land or Sea,Elevation (Min),Elevation (Max),Sample Name,Rock Name,"Age (a, Min)","Age (a, Max)",Geol,Age,Eruption Day,Eruption Month,Eruption Year,Rock Texture,Rock Type,Drill Depth (Min),Drill Depth (Max),Alteration,Mineral,Material,Si,Ti,B,Al,Cr,Fe3+,Fe2+,Fetot(2+),Ca,Mg,Mn,Ni,K,Na,P,H2O,H2OP,H2OM,H2Otot,CO2,CO,F,Cl,Cl2,OH,CH4,SO2,SO3,SO4,S,LOI,Volatiles,O,Others,HE(CCM/G),HE(CCMSTP/G),HE3(CCMSTP/G),HE3(AT/G),HE4(CCM/G),HE4(CCMSTP/G),HE4(AT/G),HE4(MOLE/G),HE4(NCC/G),HE(NCC/G),Li,Be,B,C,CO2,F,Na,Mg,Al,P,S,Cl,K,Ca,Sc,Ti,V,Cr,Mn,Fe,Co,Ni,Cu,Zn,Ga,Ge,As,Se,Br,Rb,Sr,Y,Zr,Nb,Mo,Ru,Rh,Pd,Ag,Cd,In,Sn,Sb,Te,I,Cs,Ba,La,Ce,Pr,Nd,Sm,Eu,Gd,Tb,Dy,Ho,Er,Tm,Yb,Lu,Hf,Ta,W,Re,Os,Ir,Pt,Au,Hg,Tl,Pb,Bi,Th,U,Nd143/Nd144,Nd143/Nd144 initial,e Nd,Sr87/Sr86,SR87_SR86_INI,PB206_PB204,PB206_PB204_INI,PB207_PB204,PB207_PB204_INI,PB208_PB204,PB208_PB204_INI,OS184_OS188,OS186_OS188,OS187_OS186,OS187_OS188,RE187_OS186,RE187_OS188,HF176_HF177,HE3_HE4,HE3_HE4(R/R(A)),HE4_HE3,HE4_HE3(R/R(A)),K40_AR40,AR40_K40,Unique Id,
[4812],CONVERGENT MARGIN,BISMARCK ARC - NEW BRITAIN ARC / BISMARCK ARC - NEW BRITAIN ARC / NEW GUINEA / DABI / PACIFIC OCEAN,CAPE VOGEL PENINSULA,-9.8,-9.8,149.9,149.9,SUBAERIAL,,,s 44264 [4812],BONINITE [4812],,,,,,,,,VOLCANIC ROCK,,,,,VOLCANIC GLASS [4812] ,260408.03850000002,1198.68,,62081.14230000001,,,,78040.92,56675.71,60183.392,,,1411.255,7715.3128,87.2842,11500.,,,,,,,,,,,,,,,,,,,,,,,,,,,,,,,,,,,,,,,,,,,,,,,,,,,,,,,,,,10.3,115,6.82,54.4,2.45,,,,,,,,,,,,0.39,52,4.34,8.67,,4.35,1.06,0.38,1.2,,1.25,,0.72,,0.85,0.15,1.23,0.19,,,,,,,,,1.12,,0.78,0.21,,,,,,,,,,,,,,,,,,,,,,,,,103542,
[4812],CONVERGENT MARGIN,BISMARCK ARC - NEW BRITAIN ARC / BISMARCK ARC - NEW BRITAIN ARC / NEW GUINEA / DABI / PACIFIC OCEAN,CAPE VOGEL PENINSULA,-9.8,-9.8,149.9,149.9,SUBAERIAL,,,s 3 [4812],BONINITE [4812],,,,,,,,,VOLCANIC ROCK,,,,,VOLCANIC GLASS [4812] ,280227.28250000003,2756.964,,86691.3138,,,,61795.35,55174.84,11819.583999999999,,,2324.42,8976.4697,523.7052,15800.,,,,,,,,,,,,,,,,,,,,,,,,,,,,,,,,,,,,,,,,,,,,,,,,,,,,,,,,,,,,,,,,,,,,,,,,,,,,,,,,,,,,,,,,,,,,,,,,,,,,,,,,,,,,,,,,,,,,,,,,,,,,,,,,103543,
[4774],CONVERGENT MARGIN,BISMARCK ARC - NEW BRITAIN ARC / BISMARCK ARC - NEW BRITAIN ARC / NEW BRITAIN / PACIFIC OCEAN,UASILAU-YAU YAU,-5.6,-5.6,150.2,150.2,SUBAERIAL,,,s 40905 [4774],GRANITE [4774],,,,,,,,,PLUTONIC ROCK,,,,,WHOLE_ROCK [4774] ,215347.30450000003,1857.954,,67161.9519,,20002.84,76486.31999999999,,53602.5,102275.584,1858.6992,,1577.285,8086.241300000001,218.21050000000002,,19900.,1200.,,0,,,,,,,,,,0,,,,,,,,,,,,,,,,,,,,,,,,,,,,,21,,91,102,1870,,11,145,3,110,9,,,,,3,220,10,21,0.5,,,,,,,,,,,,,25,1,4,,4,,,,,,,,,,,,,,,,,,,,,6,,0.2,0,,,,,,,,,,,,,,,,,,,,,,,,,105030,
[4774],CONVERGENT MARGIN,BISMARCK ARC - NEW BRITAIN ARC / BISMARCK ARC - NEW BRITAIN ARC / NEW BRITAIN / PACIFIC OCEAN,UASILAU-YAU YAU,-5.6,-5.6,150.2,150.2,SUBAERIAL,,,s 40906 [4774],GRANITE [4774],,,,,,,,,PLUTONIC ROCK,,,,,WHOLE_ROCK [4774] ,213851.5125,3596.0399999999995,,120669.228,,22800.44,37154.94,,106704.70999999999,31056.56,1161.687,,664.12,8531.3555,130.9263,,11800.,400.,,200.,,,,,,,,,,0,,,,,,,,,,,,,,,,,,,,,,,,,,,,,42,,315,86,1130,,8,19,9,78,16.2,,,,,0.5,274,6,12,0,,,,,,,,,,,,,10,0,1,,2,,,,,,,,,,,,,,,,,,,,,4,,0.4,0,,,,,,,,,,,,,,,,,,,,,,,,,105031,
[4774],CONVERGENT MARGIN,BISMARCK ARC - NEW BRITAIN ARC / BISMARCK ARC - NEW BRITAIN ARC / NEW BRITAIN / PACIFIC OCEAN,UASILAU-YAU YAU,-5.6,-5.6,150.2,150.2,SUBAERIAL,,,s 40909 [4774],GRANITE [4774],,,,,,,,,PLUTONIC ROCK,,,,,WHOLE_ROCK [4774] ,234932.831,4914.588,,117440.79690000002,,30423.899999999998,29381.94,,82333.44,17186.64,1161.687,,3071.555,19659.210499999997,261.8526,,5200.,900.,,0,,,,,,,,,,0,,,,,,,,,,,,,,,,,,,,,,,,,,,,,26,,213,4,1180,,12,11,35,75,20,,,,,4,392,12,32,1,,,,,,,,,,,,0.03,50,2.1,5.8,,4.7,1.6,0.85,1.5,,,0.6,,,1.4,0.22,0.3,0.1,,,,,,,,,6,,0,0,,,,,,,,,,,,,,,,,,,,,,,,,105032,
[4774],CONVERGENT MARGIN,BISMARCK ARC - NEW BRITAIN ARC / BISMARCK ARC - NEW BRITAIN ARC / NEW BRITAIN / PACIFIC OCEAN,UASILAU-YAU YAU,-5.6,-5.6,150.2,150.2,SUBAERIAL,,,s 40912 [4774],GRANITE [4774],,,,,,,,,PLUTONIC ROCK,,,,,WHOLE_ROCK [4774] ,232174.96450000003,3715.908,,95423.95530000002,,23709.66,39253.65,,79760.52,41609.76,1626.3618,,5395.975,16914.3396,349.1368,,16000.,1100.,,2500.,,,,,,,,,,200.,,,,,,,,,,,,,,,,,,,,,,,,,,,,,33,,232,173,1590,,4,48,28,75,15,,,,,14.5,288,13,37,0,,,,,,,,,,,,0.29,125,2.3,6.3,,5.2,1.7,0.67,2.4,,,0.5,,,1.5,0.26,0,0.2,,,,,,,,,5,,0,0.2,,,,,,,,,,,,,,,,,,,,,,,,,105033,
[4774],CONVERGENT MARGIN,BISMARCK ARC - NEW BRITAIN ARC / BISMARCK ARC - NEW BRITAIN ARC / NEW BRITAIN / PACIFIC OCEAN,UASILAU-YAU YAU,-5.6,-5.6,150.2,150.2,SUBAERIAL,,,s 40914 [4774],GRANITE [4774],,,,,,,,,PLUTONIC ROCK,,,,,WHOLE_ROCK [4774] ,240729.02500000002,4315.248,,102251.2932,,33151.560000000005,34356.659999999996,,71398.53,28523.792,1626.3618,,5229.945,17062.711,916.4841,,10200.,1200.,,0,,,,,,,,,,3800.,,,,,,,,,,,,,,,,,,,,,,,,,,,,,26,,212,8,1600,,16,8,91,77,18.4,,,,,12,333,24,50,0.5,,,,,,,,,,,,,60,2,12,,9,,,,,,,,,,,,,,,,,,,,,5,,0.6,0.6,,,,,,,,,,,,,,,,,,,,,,,,,105034,
[4774],CONVERGENT MARGIN,BISMARCK ARC - NEW BRITAIN ARC / BISMARCK ARC - NEW BRITAIN ARC / NEW BRITAIN / PACIFIC OCEAN,UASILAU-YAU YAU,-5.6,-5.6,150.2,150.2,SUBAERIAL,,,s 40916 [4774],GRANITE [4774],,,,,,,,,PLUTONIC ROCK,,,,,WHOLE_ROCK [4774] ,256949.01950000002,5453.994,,91189.9473,,18534.1,45860.700000000004,,60963.909999999996,22191.872,1471.4702,,5312.96,20178.5104,523.7052,,12500.,1700.0000000000002,,5300.,,,,,,,,,,300.,,,,,,,,,,,,,,,,,,,,,,,,,,,,,39,,233,5,1450,,3,3,81,85,16.6,,,,,7.5,338,20,47,0.5,,,,,,,,,,,,,245,3,9,,8,,,,,,,,,,,,,,,,,,,,,5,,0.6,0.2,,,,,,,,,,,,,,,,,,,,,,,,,105035,
[4774],CONVERGENT MARGIN,BISMARCK ARC - NEW BRITAIN ARC / BISMARCK ARC - NEW BRITAIN ARC / NEW BRITAIN / PACIFIC OCEAN,UASILAU-YAU YAU,-5.6,-5.6,150.2,150.2,SUBAERIAL,,,s 40918 [4774],GRANITE [4774],,,,,,,,,PLUTONIC ROCK,,,,,WHOLE_ROCK [4774] ,266531.43700000003,4854.654,,91719.19829999999,,29654.56,30081.510000000002,,56246.89,20503.359999999997,1239.1328,,5478.990000000001,21068.7388,480.0631,,12600.,1800.,,0,,,,,,,,,,1000.,,,,,,,,,,,,,,,,,,,,,,,,,,,,,27,,198,3,1220,,9,4,56,57,16.2,,,,,8.5,325,21,59,1.5,,,,,,,,,,,,0.11,280,3.7,10.2,,8.5,2.8,0.92,2.9,,,0.8,,,2.2,0.36,1.1,0.4,,,,,,,,,7,,0,0.4,,,,,,,,,,,,,,,,,,,,,,,,,105036,
[4774],CONVERGENT MARGIN,BISMARCK ARC - NEW BRITAIN ARC / BISMARCK ARC - NEW BRITAIN ARC / NEW BRITAIN / PACIFIC OCEAN,UASILAU-YAU YAU,-5.6,-5.6,150.2,150.2,SUBAERIAL,,,s 40920 [4774],GRANITE [4774],,,,,,,,,PLUTONIC ROCK,,,,,WHOLE_ROCK [4774] ,285322.324,4075.512,,84838.93530000001,,19793.02,28060.53,,45740.8,16221.775999999998,1084.2412000000002,,11788.13,23516.866899999997,523.7052,,8600.,900.,,4800.,,,,,,,,,,700.0000000000001,,,,,,,,,,,,,,,,,,,,,,,,,,,,,19,,140,8,1090,,25,6,21,54,14.6,,,,,19.5,296,23,98,1.5,,,,,,,,,,,,0.43,310,7.1,18.5,,12.5,3.6,0.97,3.7,,,1.1,,,2.6,0.43,2.7,0.7,,,,,,,,,4,,1.2,0.6,,,,,,,,,,,,,,,,,,,,,,,,,105037,
[4774],CONVERGENT MARGIN,BISMARCK ARC - NEW BRITAIN ARC / BISMARCK ARC - NEW BRITAIN ARC / NEW BRITAIN / PACIFIC OCEAN,UASILAU-YAU YAU,-5.6,-5.6,150.2,150.2,SUBAERIAL,,,s 40922 [4774],GRANITE [4774],,,,,,,,,PLUTONIC ROCK,,,,,WHOLE_ROCK [4774] ,301589.062,3955.644,,81240.0285,,15666.560000000001,27283.23,,38808.21,12603.535999999998,1006.7954,,12120.19,26039.180699999997,480.0631,,5400.,1000.,,2700.,,,,,,,,,,0,,,,,,,,,,,,,,,,,,,,,,,,,,,,,21,,114,2,990,,69,4,38,57,14.6,,,,,20,252,29,118,1.5,,,,,,,,,,,,0.9,255,6.5,17.2,,12.8,4,1.03,4.6,,,1.2,,,3.2,0.52,3.1,0.6,,,,,,,,,5,,0.6,0.4,,,,,,,,,,,,,,,,,,,,,,,,,105038,
[4774],CONVERGENT MARGIN,BISMARCK ARC - NEW BRITAIN ARC / BISMARCK ARC - NEW BRITAIN ARC / NEW BRITAIN / PACIFIC OCEAN,UASILAU-YAU YAU,-5.6,-5.6,150.2,150.2,SUBAERIAL,,,s 40924 [4774],GRANITE [4774],,,,,,,,,PLUTONIC ROCK,,,,,WHOLE_ROCK [4774] ,300794.4225,3895.71,,80234.4516,,14967.160000000002,28138.260000000002,,37879.1,13085.967999999999,1006.7954,,9048.635,27745.4518,480.0631,,11200.000000000002,1400.0000000000002,,0,,,,,,,,,,0,,,,,,,,,,,,,,,,,,,,,,,,,,,,,24,,118,3,1030,,16,3,96,49,15,,,,,13.5,175,20,86,1,,,,,,,,,,,,,300,6,19,,12,,,,,,,,,,,,,,,,,,,,,6,,1.2,0.6,,,,,,,,,,,,,,,,,,,,,,,,,105039,
[4774],CONVERGENT MARGIN,BISMARCK ARC - NEW BRITAIN ARC / BISMARCK ARC - NEW BRITAIN ARC / NEW BRITAIN / PACIFIC OCEAN,UASILAU-YAU YAU,-5.6,-5.6,150.2,150.2,SUBAERIAL,,,s 40926 [4774],NOT GIVEN [4774],,,,,,,,,PLUTONIC ROCK,,,,,WHOLE_ROCK [4774] ,232268.4515,4375.182,,90237.29550000001,,26017.68,41507.82,,78045.24,45650.128,1936.145,,3901.705,18101.3108,349.1368,,14000.,800.,,0,,,,,,,,,,700.0000000000001,,,,,,,,,,,,,,,,,,,,,,,,,,,,,43,,256,286,1910,,25,61,61,84,15.2,,,,,9.5,256,18,41,0,,,,,,,,,,,,,90,2,8,,7,,,,,,,,,,,,,,,,,,,,,5,,0.4,0.2,,,,,,,,,,,,,,,,,,,,,,,,,105040,
[4774],CONVERGENT MARGIN,BISMARCK ARC - NEW BRITAIN ARC / BISMARCK ARC - NEW BRITAIN ARC / NEW BRITAIN / PACIFIC OCEAN,UASILAU-YAU YAU,-5.6,-5.6,150.2,150.2,SUBAERIAL,,,s 40929 [4774],NOT GIVEN [4774],,,,,,,,,PLUTONIC ROCK,,,,,WHOLE_ROCK [4774] ,258772.016,4794.72,,88120.29149999999,,24199.239999999998,45161.13,,58033.63999999999,23880.384,1936.145,,6475.17,28264.7517,436.42100000000005,,5300.,1200.,,100.,,,,,,,,,,0,,,,,,,,,,,,,,,,,,,,,,,,,,,,,40,,244,5,1900,,18,4,66,134,16.4,,,,,7,277,31,45,1.5,,,,,,,,,,,,,185,5,15,,11,,,,,,,,,,,,,,,,,,,,,7,,0.4,0.2,,,,,,,,,,,,,,,,,,,,,,,,,105041,
[4774],CONVERGENT MARGIN,BISMARCK ARC - NEW BRITAIN ARC / BISMARCK ARC - NEW BRITAIN ARC / NEW BRITAIN / PACIFIC OCEAN,UASILAU-YAU YAU,-5.6,-5.6,150.2,150.2,SUBAERIAL,,,s 40930 [4774],GRANITE [4774],,,,,,,,,PLUTONIC ROCK,,,,,WHOLE_ROCK [4774] ,321688.767,2936.7659999999996,,76317.9942,,12799.02,17178.329999999998,,26658.31,7236.48,851.9038,,10293.86,32122.4081,392.77889999999996,,8900.,800.,,900.,,,,,,,,,,0,,,,,,,,,,,,,,,,,,,,,,,,,,,,,14,,49,2,820,,6,1,11,55,14.2,,,,,14.5,196,34,137,1.5,,,,,,,,,,,,0.09,145,7.2,18.2,,14,4.4,1.13,4.8,,,1.3,,,4,0.66,3.8,1,,,,,,,,,5,,0.7,0.2,,,,,,,,,,,,,,,,,,,,,,,,,105042,
[4774],CONVERGENT MARGIN,BISMARCK ARC - NEW BRITAIN ARC / BISMARCK ARC - NEW BRITAIN ARC / NEW BRITAIN / PACIFIC OCEAN,UASILAU-YAU YAU,-5.6,-5.6,150.2,150.2,SUBAERIAL,,,s 40932 [4774],GRANITE [4774],,,,,,,,,PLUTONIC ROCK,,,,,WHOLE_ROCK [4774] ,325147.786,2637.096,,79281.79980000001,,10630.880000000001,13602.75,,28516.530000000002,4221.28,542.1206000000001,,16935.06,26781.037699999997,305.4947,,7800.,700.0000000000001,,0,,,,,,,,,,0,,,,,,,,,,,,,,,,,,,,,,,,,,,,,12,,41,1,530,,9,1,66,30,13,,,,,22.5,280,13,141,0.5,,,,,,,,,,,,,580,5,12,,6,,,,,,,,,,,,,,,,,,,,,4,,1.2,0.4,,,,,,,,,,,,,,,,,,,,,,,,,105043,
[4774],CONVERGENT MARGIN,BISMARCK ARC - NEW BRITAIN ARC / BISMARCK ARC - NEW BRITAIN ARC / NEW BRITAIN / PACIFIC OCEAN,UASILAU-YAU YAU,-5.6,-5.6,150.2,150.2,SUBAERIAL,,,s 40933 [4774],GRANITE [4774],,,,,,,,,PLUTONIC ROCK,,,,,WHOLE_ROCK [4774] ,321221.332,2876.832,,75788.74320000001,,10840.7,21608.94,,31089.449999999997,9045.599999999999,774.4580000000001,,15025.715,25000.5809,261.8526,,6700.,1900.,,0,,,,,,,,,,0,,,,,,,,,,,,,,,,,,,,,,,,,,,,,16,,73,2,810,,10,0,10,38,13,,,,,25.5,225,29,129,1,,,,,,,,,,,,0.64,465,7.1,18.1,,13.3,4.1,0.83,4.6,,,1.1,,,3.2,0.51,3.5,0.7,,,,,,,,,6,,0.8,0.6,,,,,,,,,,,,,,,,,,,,,,,,,105044,
[4774],CONVERGENT MARGIN,BISMARCK ARC - NEW BRITAIN ARC / BISMARCK ARC - NEW BRITAIN ARC / NEW BRITAIN / PACIFIC OCEAN,UASILAU-YAU YAU,-5.6,-5.6,150.2,150.2,SUBAERIAL,,,s 40935 [4774],NOT GIVEN [4774],,,,,,,,,PLUTONIC ROCK,,,,,WHOLE_ROCK [4774] ,250545.16000000003,5094.389999999999,,93518.65170000002,,29514.679999999997,39175.92,,58891.28,24061.296,2323.374,,4399.795,30935.436899999997,523.7052,,10900.,700.0000000000001,,1400.0000000000002,,,,,,,,,,0,,,,,,,,,,,,,,,,,,,,,,,,,,,,,32,,233,2,2300,,16,1,25,103,18.2,,,,,6.5,267,22,57,1,,,,,,,,,,,,,75,3,14,,10,,,,,,,,,,,,,,,,,,,,,5,,0.8,0.4,,,,,,,,,,,,,,,,,,,,,,,,,105045,
[4774],CONVERGENT MARGIN,BISMARCK ARC - NEW BRITAIN ARC / BISMARCK ARC - NEW BRITAIN ARC / NEW BRITAIN / PACIFIC OCEAN,UASILAU-YAU YAU,-5.6,-5.6,150.2,150.2,SUBAERIAL,,,s 40937 [4774],GRANITE [4774],,,,,,,,,PLUTONIC ROCK,,,,,WHOLE_ROCK [4774] ,321642.0235,2157.624,,83674.5831,,11050.52,9483.06,,29660.050000000003,4764.016,619.5664,,9546.724999999999,35312.3932,480.0631,,4800.,500.,,900.,,,,,,,,,,0,,,,,,,,,,,,,,,,,,,,,,,,,,,,,4,,32,0,610,,2,2,36,23,17.6,,,,,19,410,12,68,1.5,,,,,,,,,,,,0.27,340,5.6,13.1,,8.3,,0.75,2.1,,,,,,1.4,0.22,2,0.9,,,,,,,,,3,,0.7,0,,,,,,,,,,,,,,,,,,,,,,,,,105046,
[4774],CONVERGENT MARGIN,BISMARCK ARC - NEW BRITAIN ARC / BISMARCK ARC - NEW BRITAIN ARC / NEW BRITAIN / PACIFIC OCEAN,UASILAU-YAU YAU,-5.6,-5.6,150.2,150.2,SUBAERIAL,,,s 40938 [4774],GRANITE [4774],,,,,,,,,PLUTONIC ROCK,,,,,WHOLE_ROCK [4774] ,311218.223,2756.964,,87379.34010000002,,13988,13991.4,,38022.04,7960.128,619.5664,,5645.02,31380.5511,523.7052,,2400.,1000.,,3800.,,,,,,,,,,300.,,,,,,,,,,,,,,,,,,,,,,,,,,,,,8,,48,3,620,,13,2,23,33,17.2,,,,,14.5,441,12,76,1,,,,,,,,,,,,,210,5,13,,10,,,,,,,,,,,,,,,,,,,,,3,,0.6,0.2,,,,,,,,,,,,,,,,,,,,,,,,,105047,
[4774],CONVERGENT MARGIN,BISMARCK ARC - NEW BRITAIN ARC / BISMARCK ARC - NEW BRITAIN ARC / NEW BRITAIN / PACIFIC OCEAN,UASILAU-YAU YAU,-5.6,-5.6,150.2,150.2,SUBAERIAL,,,s 40943 [4774],GRANITE [4774],,,,,,,,,PLUTONIC ROCK,,,,,WHOLE_ROCK [4774] ,343237.52050000004,1857.954,,70707.9336,,9232.08,10182.630000000001,,18868.08,3497.6319999999996,851.9038,,12701.295,31899.851,218.21050000000002,,6500.,1300.,,0,,,,,,,,,,0,,,,,,,,,,,,,,,,,,,,,,,,,,,,,9,,25,1,830,,15,0,1,111,13.4,,,,,22,157,30,146,2,,,,,,,,,,,,0.55,190,7.6,20.1,,13.6,4,0.9,4,,,1.4,,,3.7,0.64,4.1,1.2,,,,,,,,,8,,1.2,0.4,,,,,,,,,,,,,,,,,,,,,,,,,105048,
[4774],CONVERGENT MARGIN,BISMARCK ARC - NEW BRITAIN ARC / BISMARCK ARC - NEW BRITAIN ARC / NEW BRITAIN / PACIFIC OCEAN,UASILAU-YAU YAU,-5.6,-5.6,150.2,150.2,SUBAERIAL,,,s 40946 [4774],NOT GIVEN [4774],,,,,,,,,PLUTONIC ROCK,,,,,WHOLE_ROCK [4774] ,258958.99000000002,5034.455999999999,,87220.56480000001,,22660.56,44461.56,,53245.15,25689.503999999997,1548.9160000000002,,11124.01,25000.5809,480.0631,,11600.,700.0000000000001,,3300.,,,,,,,,,,0,,,,,,,,,,,,,,,,,,,,,,,,,,,,,32,,253,17,1520,,4,15,10,122,17,,,,,37.5,212,23,75,1,,,,,,,,,,,,,90,3,10,,9,,,,,,,,,,,,,,,,,,,,,8,,1,0.6,,,,,,,,,,,,,,,,,,,,,,,,,105049,
[4590],CONVERGENT MARGIN,BISMARCK ARC - NEW BRITAIN ARC / SOLOMON SEA / SITE 29 / PACIFIC OCEAN,,-7.35,-7.35,152.18,152.18,SUBAQUATIC,,,s 33-36 [4590],NOT GIVEN [4590],,,,,,,,,SEDIMENTARY ROCK,,,,,WHOLE_ROCK [4590] ,,,,,,,,,,,,,,,,,,,,,,,,,,,,,,,,,,,,,,,,,,,,,,,,,,,,,,,,,,,,,,,,,,,,,,,,,,,,,,,,,,,,,,,,,,,,,,,,,,,,,,,,,,,,,,,,,,,,,,,,,,,,,,,,,,,,,,,,,0.283078,,,,,,,106005,
[2716],CONVERGENT MARGIN,BISMARCK ARC - NEW BRITAIN ARC / BISMARCK ARC - NEW BRITAIN ARC / NEW BRITAIN / RABAUL / PACIFIC OCEAN,COAST NORTHWEST OF NORTH DAUGHTER,-4.22,-4.22,152.18,152.18,SUBAERIAL,,,s 8047 [2716],DACITE [2716],,,,,,,,,VOLCANIC ROCK,,,,,WHOLE_ROCK [2716] ,302243.471,5154.324,,81557.5791,,12799.02,24484.95,,26443.9,9105.903999999999,1239.1328,,23161.185,34867.279,1396.5472,,9000.,500.,,,,,,,,,,,,,,,,,,,,,,,,,,,,,,,,,,,,,180,1750,,,,,70,0,,,,69,45,90,16,,,,,47,341,29,153,10,,,,,,,,,,,,,450,15,35,5,25,,,,,,,,,,,,,,,,,,,,,,,,,,,,,,,,,,,,,,,,,,,,,,,,,107111,
[2716],CONVERGENT MARGIN,BISMARCK ARC - NEW BRITAIN ARC / BISMARCK ARC - NEW BRITAIN ARC / NEW BRITAIN / RABAUL / PACIFIC OCEAN,VULCAN 1937 ERUPTION,-4.22,-4.22,152.18,152.18,SUBAERIAL,,,s 8058 [2716],DACITE [2716],,,,,,,,,VOLCANIC ROCK,,,,,WHOLE_ROCK [2716] ,303599.03250000003,5034.455999999999,,80710.7775,,14267.76,23319,,26015.08,8563.168,1858.6992,,23991.335000000003,36202.6216,1309.263,,5500.,400.,,,,,,,,,,,,,,,,,,,,,,,,,,,,,,,,,,,,,260,2100,,,,,61,5,,,,8,24,98,16,,,,,47,330,23,171,10,,,,,,,,,,,,,470,5,55,5,25,,,,,,,,,,,,,,,,,,,,,,,,,,,,,,,,,,,,,,,,,,,,,,,,,107112,
[2758],CONVERGENT MARGIN,BISMARCK ARC - NEW BRITAIN ARC / BISMARCK ARC - NEW BRITAIN ARC / NEW GUINEA / DABI / PACIFIC OCEAN,CAPE VOGEL PENINSULA,-9.8,-9.8,149.9,149.9,SUBAERIAL,,,s 51 [2758],BONINITE [2758],,,,,,,,,VOLCANIC ROCK,,,,,WHOLE_ROCK [2758] ,,,,,,,,,,,,,,,,30000,,,,,,,,,,,,,,,,,,,,,,,,,,,,,,,,,,,,,,,,,,,,,,,,,,,,,,,,,,,,,,,,,,,,,,,,,,,,,,,,,,,,,,,,,,,,,,,,,,,,,,,,,,,,,,,,,,,,,,,,,,,,,,,,112410,
[2758],CONVERGENT MARGIN,BISMARCK ARC - NEW BRITAIN ARC / BISMARCK ARC - NEW BRITAIN ARC / NEW GUINEA / DABI / PACIFIC OCEAN,CAPE VOGEL PENINSULA,-9.8,-9.8,149.9,149.9,SUBAERIAL,,,s 182 [2758],BONINITE [2758],,,,,,,,,VOLCANIC ROCK,,,,,WHOLE_ROCK [2758] ,,,,,,,,,,,,,,,,19500.,,,,,,,,,,,,,,,,,,,,,,,,,,,,,,,,,,,,,,,,,,,,,,,,,,,,,,,,,,,,,,,,,,,,,,,,,,,,,,,,,,,,,,,,,,,,,,,,,,,,,,,,,,,,,,,,,,,,,,,,,,,,,,,,112435,
[2263],CONVERGENT MARGIN,BISMARCK ARC - NEW BRITAIN ARC / BISMARCK ARC - NEW BRITAIN ARC / NEW GUINEA / DABI / PACIFIC OCEAN,CAPE VOGEL PENINSULA,-9.8,-9.8,149.9,149.9,SUBAERIAL,,,s B6 [2263],BONINITE [2263],,,,,,,,,VOLCANIC ROCK,,,,,WHOLE_ROCK [2263] ,251059.3385,1258.6139999999998,,41122.8027,,16296.02,54644.19,,33162.079999999994,111502.09599999999,1316.5786,,1577.285,6157.4131,130.9263,,29800.,13400.,,0,,,,,,,,,,,,,,,,,,,,,,,,,,,,,,,,,,,,,,,24,,136,1930,,,,540,,,,,,,,4,63,4,30,1.5,,,,,,,,,,,,,30,2.5,5.46,0.61,2.84,0.75,0.24,0.74,0.13,0.79,0.16,0.47,,0.48,,0.7,,,,,,,,,,1.3,,0.5,0.2,0.51205,,,0.70477,,,,,,,,,,,,,,,,,,,,,112466,
[2263],CONVERGENT MARGIN,BISMARCK ARC - NEW BRITAIN ARC / BISMARCK ARC - NEW BRITAIN ARC / NEW GUINEA / DABI / PACIFIC OCEAN,CAPE VOGEL PENINSULA,-9.8,-9.8,149.9,149.9,SUBAERIAL,,,s 52.1A [2263],BONINITE [2263],,,,,,,,,VOLCANIC ROCK,,,,,WHOLE_ROCK [2263] ,254331.3835,1258.6139999999998,,57847.1343,,10281.18,54255.54,,57033.060000000005,64223.759999999995,1316.5786,,3403.615,7492.7557,130.9263,,33900.,20500.,,0,,,,,,,,,,,,,,,,,,,,,,,,,,,,,,,,,,,,,,,37,,203,510,,,,134,,,,,,,,8,83,8,25,1,,,,,,,,,,,,,28,1.75,3.96,0.54,2.54,0.73,0.24,0.83,0.16,1.07,0.25,0.74,,0.73,,0.6,,,,,,,,,,0.8,,0.3,0.1,0.51212,,,0.70538,,,,,,,,,,,,,,,,,,,,,112468,
[2263],CONVERGENT MARGIN,BISMARCK ARC - NEW BRITAIN ARC / BISMARCK ARC - NEW BRITAIN ARC / NEW GUINEA / DABI / PACIFIC OCEAN,CAPE VOGEL PENINSULA,-9.8,-9.8,149.9,149.9,SUBAERIAL,,,s 11 [2263],"ANDESITE, THOLEIITIC [2263]",,,,,,,,,VOLCANIC ROCK,,,,,WHOLE_ROCK [2263] ,,,,,,,,,,,,,,,,,,,,,,,,,,,,,,,,,,,,,,,,,,,,,,,,,,,,,,,,,,,,,,,,,,,,,,,,,,,89,,,,,,,,,,,,,,,,,,,,4.3,,,,,,,,,,,,,,,,,,,,,,,,,0.51221,,,0.70376,,,,,,,,,,,,,,,,,,,,,112475,
[5033],CONVERGENT MARGIN,BISMARCK ARC - NEW BRITAIN ARC / TABAR-LIHIR-TANGA-FENI ISLAND CHAIN / FENI / PACIFIC OCEAN,,-4,-4.1,153.5,153.6,SUBAQUATIC,,,s 94-AMB-29 [5033],"BASALT, ANDESITIC [5033]",,,,,,,,,VOLCANIC ROCK,,,,,WHOLE_ROCK [5033] ,,,,,,,,,,,,,,,,,,,,,,,,,,,,,,,,,,,,,,,,,,,,,,,,,,,,,,,,,,,,,,,,,,,,,,,,,,,,,,,,,,,,,,,,,,,,,,,,,,,,,,,,,,,,,0.000037,0.00003875,,,,,,,,,,,,,,,,,,,,,,,,0.131,,5,,,,,,,,114506,
[4995],CONVERGENT MARGIN,BISMARCK ARC - NEW BRITAIN ARC / BISMARCK ARC - NEW BRITAIN ARC / NEW GUINEA / MOUNT CRATER / PACIFIC OCEAN,,-6.6,-6.6,145.1,145.1,SUBAERIAL,,,s 1 [4995],ABSAROKITE [4995],,,,,,,,,VOLCANIC ROCK,,,,,WHOLE_ROCK [4995] ,223574.1605,9289.77,,80128.6014,,42593.46,29537.399999999998,,73042.34000000001,52645.392,1316.5786,,14029.535,20771.996,3229.5153999999998,,5500.,6500.,,800.,,,,,,,,,,,,,,,,,,,,,,,,,,,,,,,,,,,,,,,,,,,,,,,,,,,,,,33.9,1055,,176,,,,,,,,,,,,,,,,,,,,,,,,,,,,,,,,,,,,,,,,,,,,,,,,,,,,,,,,,,,,,,,,,,,115473,
[4995],CONVERGENT MARGIN,BISMARCK ARC - NEW BRITAIN ARC / BISMARCK ARC - NEW BRITAIN ARC / NEW GUINEA / MOUNT SUARU / PACIFIC OCEAN,,-6.25,-6.25,144.6,144.6,SUBAERIAL,,,s 2 [4995],ABSAROKITE [4995],,,,,,,,,VOLCANIC ROCK,,,,,WHOLE_ROCK [4995] ,230445.45500000002,7252.013999999999,,92089.674,,32312.280000000002,36377.64,,69182.95999999999,30815.344,1626.3618,,17516.164999999997,24258.7239,2400.3155,,9200.,7000.,,2500.,,,,,,,,,,,,,,,,,,,,,,,,,,,,,,,,,,,,,,,,,,,,,,,,,,,,,,45.5,1331,,160,,,,,,,,,,,,,,,,,,,,,,,,,,,,,,,,,,,,,,,,,,,,,,,,,,,,,,,,,,,,,,,,,,,115474,
[4995],CONVERGENT MARGIN,BISMARCK ARC - NEW BRITAIN ARC / BISMARCK ARC - NEW BRITAIN ARC / NEW GUINEA / MOUNT KARIMUI / PACIFIC OCEAN,,-6.6,-6.6,144.7,144.7,SUBAERIAL,,,s 3 [4995],SHOSHONITE [4995],,,,,,,,,VOLCANIC ROCK,,,,,WHOLE_ROCK [4995] ,238812.54150000002,6832.475999999999,,83780.4333,,25807.86,40108.68,,64823.29,35760.272,1161.687,,23659.275,22700.8242,2880.3786,,7300.,6800.000000000001,,2400.,,,,,,,,,,,,,,,,,,,,,,,,,,,,,,,,,,,,,,,,,,,,,,,,,,,,,,80.6,962,,120,,,,,,,,,,,,,,,,,,,,,,,,,,,,,,,,,,,,,,,,,,,,,,,,,,,,,,,,,,,,,,,,,,,115475,
[4995],CONVERGENT MARGIN,BISMARCK ARC - NEW BRITAIN ARC / BISMARCK ARC - NEW BRITAIN ARC / NEW GUINEA / MOUNT GILUWE / PACIFIC OCEAN,,-6,-6,143.9,143.9,SUBAERIAL,,,s 4 [4995],SHOSHONITE [4995],,,,,,,,,VOLCANIC ROCK,,,,,WHOLE_ROCK [4995] ,242785.739,5513.928,,85632.8118,,26367.38,33579.36,,62893.600000000006,42031.888,1239.1328,,19757.57,21884.7815,2574.8839,,5200.,4100.,,1600.,,,,,,,,,,,,,,,,,,,,,,,,,,,,,,,,,,,,,,,,,,,,,,,,,,,,,,66.4,711,,87,,,,,,,,,,,,,,,,,,,,,,,,,,,,,,,,,,,,,,,,,,,,,,,,,,,,,,,,,,,,,,,,,,,115476,
[4995],CONVERGENT MARGIN,BISMARCK ARC - NEW BRITAIN ARC / BISMARCK ARC - NEW BRITAIN ARC / NEW GUINEA / MOUNT HAGEN / PACIFIC OCEAN,,-5.75,-5.75,144,144,SUBAERIAL,,,s 5 [4995],SHOSHONITE [4995],,,,,,,,,VOLCANIC ROCK,,,,,WHOLE_ROCK [4995] ,244982.6835,6353.004,,84733.08510000001,,35669.399999999994,23008.079999999998,,54460.14,42936.448,1161.687,,18346.315,23220.124099999997,2225.7471,,8600.,6800.000000000001,,800.,,,,,,,,,,,,,,,,,,,,,,,,,,,,,,,,,,,,,,,,,,,,,,,,,,,,,,38.6,1097,,160,,,,,,,,,,,,,,,,,,,,,,,,,,,,,,,,,,,,,,,,,,,,,,,,,,,,,,,,,,,,,,,,,,,115477,
[4995],CONVERGENT MARGIN,BISMARCK ARC - NEW BRITAIN ARC / BISMARCK ARC - NEW BRITAIN ARC / NEW GUINEA / MOUNT IALIBU / PACIFIC OCEAN,,-6.2,-6.2,144.05,144.05,SUBAERIAL,,,s 6 [4995],SHOSHONITE [4995],,,,,,,,,VOLCANIC ROCK,,,,,WHOLE_ROCK [4995] ,246525.21900000004,6173.202,,90501.92100000002,,13918.06,46948.92,,60606.560000000005,33408.416,1084.2412000000002,,22414.050000000003,22626.638499999997,2793.0944,,3400.0000000000005,2400.,,600.,,,,,,,,,,,,,,,,,,,,,,,,,,,,,,,,,,,,,,,,,,,,,,,,,,,,,,82.3,742,,104,,,,,,,,,,,,,,,,,,,,,,,,,,,,,,,,,,,,,,,,,,,,,,,,,,,,,,,,,,,,,,,,,,,115478,
[4995],CONVERGENT MARGIN,BISMARCK ARC - NEW BRITAIN ARC / BISMARCK ARC - NEW BRITAIN ARC / NEW GUINEA / MOUNT BOSAVI / PACIFIC OCEAN,,-6.6,-6.6,142.8,142.8,SUBAERIAL,,,s 7 [4995],ANDESITE [4995],,,,,,,,,VOLCANIC ROCK,,,,,WHOLE_ROCK [4995] ,251106.08200000002,7491.75,,97170.4836,,24828.699999999997,42829.229999999996,,60678.03,20804.88,1239.1328,,11622.099999999999,23145.9384,2182.105,,9200.,1400.0000000000002,,1200.,,,,,,,,,,,,,,,,,,,,,,,,,,,,,,,,,,,,,,,,,,,,,,,,,,,,,,31.2,621,,128,,,,,,,,,,,,,,,,,,,,,,,,,,,,,,,,,,,,,,,,,,,,,,,,,,,,,,,,,,,,,,,,,,,115479,
[4995],CONVERGENT MARGIN,BISMARCK ARC - NEW BRITAIN ARC / BISMARCK ARC - NEW BRITAIN ARC / NEW GUINEA / MOUNT KEREWA / PACIFIC OCEAN,,-6,-6,143.1,143.1,SUBAERIAL,,,s 8 [4995],ANDESITE [4995],,,,,,,,,VOLCANIC ROCK,,,,,WHOLE_ROCK [4995] ,255312.997,5993.4,,94418.3784,,26787.02,30081.510000000002,,60820.97,19357.584,1161.687,,19508.525,23887.7954,1745.6840000000002,,10200.,3100.,,1500.,,,,,,,,,,,,,,,,,,,,,,,,,,,,,,,,,,,,,,,,,,,,,,,,,,,,,,50.2,628,,124,,,,,,,,,,,,,,,,,,,,,,,,,,,,,,,,,,,,,,,,,,,,,,,,,,,,,,,,,,,,,,,,,,,115480,
[4995],CONVERGENT MARGIN,BISMARCK ARC - NEW BRITAIN ARC / BISMARCK ARC - NEW BRITAIN ARC / NEW GUINEA / MOUNT MURRAY / PACIFIC OCEAN,,-6.7,-6.7,143.95,143.95,SUBAERIAL,,,s 9 [4995],ANDESITE [4995],,,,,,,,,VOLCANIC ROCK,,,,,WHOLE_ROCK [4995] ,261997.3175,5933.465999999999,,96270.75690000001,,20492.420000000002,34978.5,,48814.01,16221.775999999998,1239.1328,,17101.09,25816.6236,3011.3048999999996,,5800.,4700.,,900.,,,,,,,,,,,,,,,,,,,,,,,,,,,,,,,,,,,,,,,,,,,,,,,,,,,,,,59.2,779,,,,,,,,,,,,,,,,,,,,,,,,,,,,,,,,,,,,,,,,,,,,,,,,,,,,,,,,,,,,,,,,,,,,,115481,
[4995],CONVERGENT MARGIN,BISMARCK ARC - NEW BRITAIN ARC / BISMARCK ARC - NEW BRITAIN ARC / NEW GUINEA / MOUNT CRATER / PACIFIC OCEAN,,-6.6,-6.6,145.1,145.1,SUBAERIAL,,,s 10 [4995],DACITE [4995],,,,,,,,,VOLCANIC ROCK,,,,,WHOLE_ROCK [4995] ,296353.79000000004,3176.502,,85950.3624,,16435.9,14846.429999999998,,37021.46,12362.319999999998,1006.7954,,21251.84,30935.436899999997,1003.7683000000001,,9000.,3100.,,4900.,,,,,,,,,,,,,,,,,,,,,,,,,,,,,,,,,,,,,,,,,,,,,,,,,,,,,,73.3,777,,122,,,,,,,,,,,,,,,,,,,,,,,,,,,,,,,,,,,,,,,,,,,,,,,,,,,,,,,,,,,,,,,,,,,115482,
[4076],CONVERGENT MARGIN,BISMARCK ARC - NEW BRITAIN ARC / BISMARCK ARC - NEW BRITAIN ARC / NEW BRITAIN / RABAUL / PACIFIC OCEAN,"NONGA, 5 MILES N OF CALDERA",-4.22,-4.22,152.18,152.18,SUBAERIAL,,,s 8049 [4076],ANDESITE [4076],,,,,,,,,VOLCANIC ROCK,,,,,WHOLE_ROCK [4076] ,266157.489,6772.541999999999,,82404.38070000001,,21191.82,38787.270000000004,,45097.57,17427.856,1548.9160000000002,,16935.06,24110.3525,1527.4734999999998,,21100.,6300.,,,,,1000.,,,,,,,,,,,,,,,,,,,,,,,,,,,,,,,,,,,,,,,,,,,,,,,,,,,,,,,,,,,,,,,,,,,,,,,,,,,,,,,,,,,,,,,,,,,,,,,,,,,,,,,,,,,,,,,,,,,,,,,,,116034,
[4076],CONVERGENT MARGIN,BISMARCK ARC - NEW BRITAIN ARC / BISMARCK ARC - NEW BRITAIN ARC / NEW BRITAIN / RABAUL / PACIFIC OCEAN,KABAKADA,-4.22,-4.22,152.18,152.18,SUBAERIAL,,,s 6827 [4076],DACITE [4076],,,,,,,,,VOLCANIC ROCK,,,,,WHOLE_ROCK [4076] ,283873.2755,5633.795999999999,,81134.1783,,19583.199999999997,19898.88,,24228.33,9407.423999999999,1394.0244,,19591.539999999997,29229.1658,1134.6946,,43300.,11399.999999999998,,,,,1200.,,,,,,,,,,,,,,,,,,,,,,,,,,,,,,,,,,,,,,,,,,,,,,,,,,,,,,,,,,,,,,,,,,,,,,,,,,,,,,,,,,,,,,,,,,,,,,,,,,,,,,,,,,,,,,,,,,,,,,,,,116035,
[4076],CONVERGENT MARGIN,BISMARCK ARC - NEW BRITAIN ARC / BISMARCK ARC - NEW BRITAIN ARC / NEW BRITAIN / RABAUL / PACIFIC OCEAN,"RAPITOK, 9 MILES SW OF CALDERA",-4.22,-4.22,152.18,152.18,SUBAERIAL,,,s 8000 [4076],DACITE [4076],,,,,,,,,VOLCANIC ROCK,,,,,WHOLE_ROCK [4076] ,284106.993,5753.664,,78540.8484,,16995.420000000002,26039.55,,26372.43,9347.119999999999,1084.2412000000002,,23244.199999999997,24036.1668,916.4841,,42500.,10100.,,,,,900.,,,,,,,,,,,,,,,,,,,,,,,,,,,,,,,,,,,,,,,,,,,,,,,,,,,,,,,,,,,,,,,,,,,,,,,,,,,,,,,,,,,,,,,,,,,,,,,,,,,,,,,,,,,,,,,,,,,,,,,,,116036,
[4076],CONVERGENT MARGIN,BISMARCK ARC - NEW BRITAIN ARC / BISMARCK ARC - NEW BRITAIN ARC / NEW BRITAIN / RABAUL / PACIFIC OCEAN,"MOUNT MOTHER, 1 MILE E OF CALDERA",-4.22,-4.22,152.18,152.18,SUBAERIAL,,,s 8620 [4076],DACITE [4076],,,,,,,,,VOLCANIC ROCK,,,,,WHOLE_ROCK [4076] ,284387.454,6053.334,,82404.38070000001,,18743.920000000002,27127.77,,33805.310000000005,13387.488000000001,1084.2412000000002,,18429.33,31009.622599999995,1091.0525,,17300.,6300.,,,,,1200.,,,,,,,,,,,,,,,,,,,,,,,,,,,,,,,,,,,,,,,,,,,,,,,,,,,,,,,,,,,,,,,,,,,,,,,,,,,,,,,,,,,,,,,,,,,,,,,,,,,,,,,,,,,,,,,,,,,,,,,,,116037,
[4076],CONVERGENT MARGIN,BISMARCK ARC - NEW BRITAIN ARC / BISMARCK ARC - NEW BRITAIN ARC / NEW BRITAIN / RABAUL / PACIFIC OCEAN,NONGA,-4.22,-4.22,152.18,152.18,SUBAERIAL,,,s 8051 [4076],DACITE [4076],,,,,,,,,VOLCANIC ROCK,,,,,WHOLE_ROCK [4076] ,290370.62200000003,5154.324,,79281.79980000001,,18324.280000000002,17644.71,,20940.710000000003,7477.696,1548.9160000000002,,18678.375,25148.9523,872.8420000000001,,54100.,10300.,,,,,1200.,,,,,,,,,,,,,,,,,,,,,,,,,,,,,,,,,,,,,,,,,,,,,,,,,,,,,,,,,,,,,,,,,,,,,,,,,,,,,,,,,,,,,,,,,,,,,,,,,,,,,,,,,,,,,,,,,,,,,,,,,116038,
[4076],CONVERGENT MARGIN,BISMARCK ARC - NEW BRITAIN ARC / BISMARCK ARC - NEW BRITAIN ARC / NEW BRITAIN / RABAUL / PACIFIC OCEAN,"KABAKADA, 6 MILES W OF CALDERA",-4.22,-4.22,152.18,152.18,SUBAERIAL,,,s 8048 [4076],DACITE [4076],,,,,,,,,VOLCANIC ROCK,,,,,WHOLE_ROCK [4076] ,291445.72250000003,5453.994,,78964.2492,,9232.08,27050.04,,26515.37,9467.728,1394.0244,,20753.75,32641.708000000002,1396.5472,,31700.,3900.,,,,,1300.,,,,,,,,,,,,,,,,,,,,,,,,,,,,,,,,,,,,,,,,,,,,,,,,,,,,,,,,,,,,,,,,,,,,,,,,,,,,,,,,,,,,,,,,,,,,,,,,,,,,,,,,,,,,,,,,,,,,,,,,,116039,
[4076],CONVERGENT MARGIN,BISMARCK ARC - NEW BRITAIN ARC / BISMARCK ARC - NEW BRITAIN ARC / NEW BRITAIN / RABAUL / PACIFIC OCEAN,PRAED POINT NEAR E CALDERA RIM,-4.22,-4.22,152.18,152.18,SUBAERIAL,,,s 8043 [4076],DACITE [4076],,,,,,,,,VOLCANIC ROCK,,,,,WHOLE_ROCK [4076] ,301355.3445,4914.588,,77323.5711,,10560.94,25106.79,,23585.1,7899.824,1239.1328,,23410.23,33680.3078,1091.0525,,19800.,4900.,,,,,1800.,,,,,,,,,,,,,,,,,,,,,,,,,,,,,,,,,,,,,,,,,,,,,,,,,,,,,,,,,,,,,,,,,,,,,,,,,,,,,,,,,,,,,,,,,,,,,,,,,,,,,,,,,,,,,,,,,,,,,,,,,116040,
[4991],CONVERGENT MARGIN,BISMARCK ARC - NEW BRITAIN ARC / BISMARCK ARC - NEW BRITAIN ARC / NEW BRITAIN / PACIFIC OCEAN,SULU RANGE,-3.5,-3.5,151,151,SUBAERIAL,,,s E2/10 [4991],RHYOLITE [4991],,,,,,,,,VOLCANIC ROCK,,,,,WHOLE_ROCK [4991] ,,,,,,,,,,,,,,,,,,,,,,,,,,,,,,,,,,,,,,,,,,,,,,,,,,,,,,,,,,,,,,,,,,,,,,,,,,,,,,,,,,,,,,,,,,0.75,,3.4,9.1,1.2,5.5,1.4,0.45,1.7,0.32,2.1,0.46,1.3,,1.8,,2,,,,,,,,,,5,,0.51,0.57,,,,,,,,,,,,,,,,,,,,,,,,,121777,
[4991],CONVERGENT MARGIN,BISMARCK ARC - NEW BRITAIN ARC / BISMARCK ARC - NEW BRITAIN ARC / NEW BRITAIN / PACIFIC OCEAN,CAPE REILNITZ,-3.5,-3.5,150.8,150.8,SUBAERIAL,,,s F6/3 [4991],RHYOLITE [4991],,,,,,,,,VOLCANIC ROCK,,,,,WHOLE_ROCK [4991] ,,,,,,,,,,,,,,,,,,,,,,,,,,,,,,,,,,,,,,,,,,,,,,,,,,,,,,,,,,,,,,,,,,,,,,,,,,,,,,,,,,,,,,,,,,0.73,,6.8,18,2.5,12,3.3,0.94,4.1,0.66,3.9,0.85,2.7,,2.5,,2.8,,,,,,,,,,4.5,,0.66,0.6,,,,,,,,,,,,,,,,,,,,,,,,,121778,
[4991],CONVERGENT MARGIN,BISMARCK ARC - NEW BRITAIN ARC / BISMARCK ARC - NEW BRITAIN ARC / NEW BRITAIN / PACIFIC OCEAN,LOLOBAU ISLAND,-2.92,-2.92,151.2,151.2,SUBAERIAL,,,s F7/14 [4991],RHYOLITE [4991],,,,,,,,,VOLCANIC ROCK,,,,,WHOLE_ROCK [4991] ,,,,,,,,,,,,,,,,,,,,,,,,,,,,,,,,,,,,,,,,,,,,,,,,,,,,,,,,,,,,,,,,,,,,,,,,,,,,,,,,,,,,,,,,,,1.2,,6.8,18,2.4,12,3.8,1.2,4.6,0.84,5.5,1.2,3.7,,3.9,,3.1,,,,,,,,,,9.3,,0.84,0.76,,,,,,,,,,,,,,,,,,,,,,,,,121779,
[4991],CONVERGENT MARGIN,BISMARCK ARC - NEW BRITAIN ARC / BISMARCK ARC - NEW BRITAIN ARC / NEW BRITAIN / MOUNT WELCKER / PACIFIC OCEAN,WILLAUMEZ PENINSULA,-5.45,-5.45,150.03,150.03,SUBAERIAL,,,s GS1/7 [4991],RHYOLITE [4991],,,,,,,,,VOLCANIC ROCK,,,,,WHOLE_ROCK [4991] ,,,,,,,,,,,,,,,,,,,,,,,,,,,,,,,,,,,,,,,,,,,,,,,,,,,,,,,,,,,,,,,,,,,,,,,,,,,,,,,,,,,,,,,,,,0.95,,10,25,2.9,12,2.8,0.77,2.8,0.47,2.9,0.66,1.9,,2.1,,3.1,,,,,,,,,,9.4,,2,1.3,,,,,,,,,,,,,,,,,,,,,,,,,121780,
[4991],CONVERGENT MARGIN,BISMARCK ARC - NEW BRITAIN ARC / BISMARCK ARC - NEW BRITAIN ARC / NEW BRITAIN / MOUNT GARBUNA / PACIFIC OCEAN,,-3.5,-3.5,150.1,150.1,SUBAERIAL,,,s GS1/8 [4991],RHYOLITE [4991],,,,,,,,,VOLCANIC ROCK,,,,,WHOLE_ROCK [4991] ,,,,,,,,,,,,,,,,,,,,,,,,,,,,,,,,,,,,,,,,,,,,,,,,,,,,,,,,,,,,,,,,,,,,,,,,,,,,,,,,,,,,,,,,,,0.69,,11,26,2.8,11,2.4,0.64,2.7,0.42,2.5,0.54,1.6,,1.8,,2.7,,,,,,,,,,6.5,,1.8,1.4,,,,,,,,,,,,,,,,,,,,,,,,,121781,
[4991],CONVERGENT MARGIN,BISMARCK ARC - NEW BRITAIN ARC / BISMARCK ARC - NEW BRITAIN ARC / NEW BRITAIN / GARUA / PACIFIC OCEAN,"GARUA HARBOUR, WILLAUMEZ PENINSULA",-5,-5.5,150,150,SUBAERIAL,,,s GS3/4 [4991],RHYOLITE [4991],,,,,,,,,VOLCANIC ROCK,,,,,WHOLE_ROCK [4991] ,,,,,,,,,,,,,,,,,,,,,,,,,,,,,,,,,,,,,,,,,,,,,,,,,,,,,,,,,,,,,,,,,,,,,,,,,,,,,,,,,,,,,,,,,,1.3,,13,29,3.4,13,2.7,0.6,2.6,0.42,2.7,0.6,1.9,,2.1,,3.5,,,,,,,,,,8.5,,2.5,1.6,,,,,,,,,,,,,,,,,,,,,,,,,121782,
[4991],CONVERGENT MARGIN,BISMARCK ARC - NEW BRITAIN ARC / BISMARCK ARC - NEW BRITAIN ARC / WITU ISLANDS / GAROVE / PACIFIC OCEAN,,-4.9,-4.9,149.16,149.16,SUBAERIAL,,,s H2/12 [4991],RHYOLITE [4991],,,,,,,,,VOLCANIC ROCK,,,,,WHOLE_ROCK [4991] ,,,,,,,,,,,,,,,,,,,,,,,,,,,,,,,,,,,,,,,,,,,,,,,,,,,,,,,,,,,,,,,,,,,,,,,,,,,,,,,,,,,,,,,,,,0.67,,19,51,6.5,29,7.9,2.1,9.1,1.5,9.9,2.4,7.1,,7.4,,7.5,,,,,,,,,,5.4,,2.2,1.1,,,,,,,,,,,,,,,,,,,,,,,,,121783,
[4991],CONVERGENT MARGIN,BISMARCK ARC - NEW BRITAIN ARC / MANUS BACK-ARC BASIN / TULUMAN / NORTH BISMARCK SEA / PACIFIC OCEAN,ST ANDREW STRAIT ISLANDS,-2.55,-2.55,147.366,147.366,SUBAERIAL,,,s 17A [4991],RHYOLITE [4991],,,,,,,,,VOLCANIC ROCK,,,,,WHOLE_ROCK [4991] ,,,,,,,,,,,,,,,,,,,,,,,,,,,,,,,,,,,,,,,,,,,,,,,,,,,,,,,,,,,,,,,,,,,,,,,,,,,,,,,,,,,,,,,,,,1.5,,39,91,9.5,34,7.1,1.6,7.7,1.3,7.3,1.7,5.1,,5.2,,11,,,,,,,,,,8,,12,2.5,,,,,,,,,,,,,,,,,,,,,,,,,121784,
[4991],CONVERGENT MARGIN,BISMARCK ARC - NEW BRITAIN ARC / MANUS BACK-ARC BASIN / PAM LIN / NORTH BISMARCK SEA / PACIFIC OCEAN,ST ANDREW STRAIT ISLANDS,-2.5,-2.5,147.4,147.4,SUBAERIAL,,,s 59 [4991],RHYOLITE [4991],,,,,,,,,VOLCANIC ROCK,,,,,WHOLE_ROCK [4991] ,,,,,,,,,,,,,,,,,,,,,,,,,,,,,,,,,,,,,,,,,,,,,,,,,,,,,,,,,,,,,,,,,,,,,,,,,,,,,,,,,,,,,,,,,,3.3,,36,80,8.6,33,5.7,0.91,6.4,1,6.4,1.3,4,,4,,7.4,,,,,,,,,,9,,15,3.3,,,,,,,,,,,,,,,,,,,,,,,,,121785,
[4991],CONVERGENT MARGIN,BISMARCK ARC - NEW BRITAIN ARC / BISMARCK ARC - NEW BRITAIN ARC / D^ENTRECASTEAUX ISLANDS / PACIFIC OCEAN,MORESBY STRAIT AREA,-9,-10.5,150,151,SUBAERIAL,,,s 675 [4991],RHYOLITE [4991],,,,,,,,,VOLCANIC ROCK,,,,,WHOLE_ROCK [4991] ,317341.6215,3715.908,,81875.1297,,7553.52,16556.489999999998,,18796.61,6090.704,464.6748,,28308.115,35386.57889999999,741.9157,,2700.,1100.,,300.,,,,,,,,,,,,,,,,,,,,,,,,,,,,,,,,,,,,117,,,6,,41,0,,,,2,4,52,18,,,,,109,316,22,309,8,,,,,,,,,,,,3.3,771,30,68,6.5,28,5.3,1.2,4.7,0.61,3.8,0.83,2.3,,2.2,,6.8,,,,,,,,,,16,,9.5,2.7,,,,,,,,,,,,,,,,,,,,,,,,,121786,
[4991],CONVERGENT MARGIN,BISMARCK ARC - NEW BRITAIN ARC / BISMARCK ARC - NEW BRITAIN ARC / D^ENTRECASTEAUX ISLANDS / PACIFIC OCEAN,MORESBY STRAIT AREA,-9,-10.5,150,151,SUBAERIAL,,,s 676 [4991],RHYOLITE [4991],,,,,,,,,VOLCANIC ROCK,,,,,WHOLE_ROCK [4991] ,318510.20900000003,3476.1719999999996,,86003.2875,,15456.74,2720.5499999999997,,13293.42,844.2560000000001,154.8916,,31213.64,32567.522299999997,523.7052,,12100.,4900.,,1400.0000000000002,,,,,,,,,,,,,,,,,,,,,,,,,,,,,,,,,,,,,,,6,,38,0,,,,0,6,62,20,,,,,120,269,294,301,8,,,,,,,,,,,,2.7,926,217,130,35,140,22,5.8,21,4,25,6.2,18,,17,,5.7,,,,,,,,,,17,,7.3,2.2,,,,,,,,,,,,,,,,,,,,,,,,,121787,
[4991],CONVERGENT MARGIN,BISMARCK ARC - NEW BRITAIN ARC / BISMARCK ARC - NEW BRITAIN ARC / D^ENTRECASTEAUX ISLANDS / PACIFIC OCEAN,MORESBY STRAIT AREA,-9,-10.5,150,151,SUBAERIAL,,,s 677 [4991],RHYOLITE [4991],,,,,,,,,VOLCANIC ROCK,,,,,WHOLE_ROCK [4991] ,326035.91250000003,2397.36,,76212.144,,11120.460000000001,6684.78,,14222.53,2412.16,232.3374,,36028.51,26558.4806,392.77889999999996,,18700.,7300.,,200.,,,,,,,,,,,,,,,,,,,,,,,,,,,,,,,,,,,,169,,,4,,26,0,,,,1,0,35,16,,,,,129,243,111,260,6,,,,,,,,,,,,,778,183,72,,,,,,,,,,,,,,,,,,,,,,,21,,14,3,,,,,,,,,,,,,,,,,,,,,,,,,121788,
[4991],CONVERGENT MARGIN,BISMARCK ARC - NEW BRITAIN ARC / BISMARCK ARC - NEW BRITAIN ARC / D^ENTRECASTEAUX ISLANDS / PACIFIC OCEAN,MORESBY STRAIT AREA,-9,-10.5,150,151,SUBAERIAL,,,s 678 [4991],RHYOLITE [4991],,,,,,,,,VOLCANIC ROCK,,,,,WHOLE_ROCK [4991] ,326363.11699999997,2876.832,,82774.8564,,7133.88,8550.300000000001,,13650.769999999999,4281.584,309.7832,,32292.835000000003,34793.0933,785.5577999999999,,4000.,2800.0000000000005,,200.,,,,,,,,,,,,,,,,,,,,,,,,,,,,,,,,,,,,323,,,5,,28,0,,,,1,1,49,18,,,,,98,326,18,271,9,,,,,,,,,,,,,954,39,62,,,,,,,,,,,,,,,,,,,,,,,20,,10,3,,,,,,,,,,,,,,,,,,,,,,,,,121789,
[4991],CONVERGENT MARGIN,BISMARCK ARC - NEW BRITAIN ARC / BISMARCK ARC - NEW BRITAIN ARC / D^ENTRECASTEAUX ISLANDS / PACIFIC OCEAN,MORESBY STRAIT AREA,-9,-10.5,150,151,SUBAERIAL,,,s 679 [4991],RHYOLITE [4991],,,,,,,,,VOLCANIC ROCK,,,,,WHOLE_ROCK [4991] ,327952.396,2037.756,,77799.897,,10491.,4119.6900000000005,,10863.44,2653.3759999999997,464.6748,,30383.49,36350.993,392.77889999999996,,5699.999999999999,4100.,,1300.,,,,,,,,,,,,,,,,,,,,,,,,,,,,,,,,,,,,,,,3,,21,0,,,,1,8,41,17,,,,,107,259,12,264,8,,,,,,,,,,,,,908,36,64,,,,,,,,,,,,,,,,,,,,,,,24,,13,2,,,,,,,,,,,,,,,,,,,,,,,,,121790,
[4991],CONVERGENT MARGIN,BISMARCK ARC - NEW BRITAIN ARC / BISMARCK ARC - NEW BRITAIN ARC / D^ENTRECASTEAUX ISLANDS / PACIFIC OCEAN,MORESBY STRAIT AREA,-9,-10.5,150,151,SUBAERIAL,,,s 680 [4991],RHYOLITE [4991],,,,,,,,,VOLCANIC ROCK,,,,,WHOLE_ROCK [4991] ,337955.505,1558.2839999999999,,75153.64199999999,,2657.7200000000003,7384.349999999999,,5145.84,1326.6879999999999,464.6748,,36941.675,38502.378300000004,174.5684,,5200.,1600.,,600.,,,,,,,,,,,,,,,,,,,,,,,,,,,,,,,,,,,,243,,,3,,3,0,,,,1,0,39,17,,,,,128,76,23,325,9,,,,,,,,,,,,4.3,956,36,73,9.1,28,4.9,0.86,3.8,0.52,3.1,0.67,2,,2.1,,7.3,,,,,,,,,,18,,11,3.3,,,,,,,,,,,,,,,,,,,,,,,,,121791,
[4991],CONVERGENT MARGIN,BISMARCK ARC - NEW BRITAIN ARC / BISMARCK ARC - NEW BRITAIN ARC / D^ENTRECASTEAUX ISLANDS / PACIFIC OCEAN,MORESBY STRAIT AREA,-9,-10.5,150,151,SUBAERIAL,,,s 681 [4991],RHYOLITE [4991],,,,,,,,,VOLCANIC ROCK,,,,,WHOLE_ROCK [4991] ,339170.836,1498.35,,77694.0468,,7203.820000000001,1243.68,,5717.6,904.56,387.22900000000004,,33122.985,34496.3505,130.9263,,11399.999999999998,4500.,,500.,,,,,,,,,,,,,,,,,,,,,,,,,,,,,,,,,,,,115,,,2,,9,0,,,,0,0,31,17,,,,,109,111,14,214,8,,,,,,,,,,,,,923,41,58,,,,,,,,,,,,,,,,,,,,,,,30,,21,4,,,,,,,,,,,,,,,,,,,,,,,,,121792,
[4991],CONVERGENT MARGIN,BISMARCK ARC - NEW BRITAIN ARC / BISMARCK ARC - NEW BRITAIN ARC / D^ENTRECASTEAUX ISLANDS / PACIFIC OCEAN,MORESBY STRAIT AREA,-9,-10.5,150,151,SUBAERIAL,,,s 682 [4991],RHYOLITE [4991],,,,,,,,,VOLCANIC ROCK,,,,,WHOLE_ROCK [4991] ,340152.4495,1558.2839999999999,,75100.7169,,2937.48,7306.62,,5074.37,1326.6879999999999,387.22900000000004,,36858.66,37463.7785,174.5684,,4100.,1100.,,300.,,,,,,,,,,,,,,,,,,,,,,,,,,,,,,,,,,,,247,,,3,,9,0,,,,0,0,39,17,,,,,128,77,22,329,9,,,,,,,,,,,,,778,31,71,,,,,,,,,,,,,,,,,,,,,,,23,,13,3,,,,,,,,,,,,,,,,,,,,,,,,,121793,
[4991],CONVERGENT MARGIN,BISMARCK ARC - NEW BRITAIN ARC / BISMARCK ARC - NEW BRITAIN ARC / D^ENTRECASTEAUX ISLANDS / PACIFIC OCEAN,MORESBY STRAIT AREA,-9,-10.5,150,151,SUBAERIAL,,,s 683 [4991],RHYOLITE [4991],,,,,,,,,VOLCANIC ROCK,,,,,WHOLE_ROCK [4991] ,344312.621,1438.416,,74359.76550000001,,2727.6600000000003,6995.7,,4502.61,1085.472,309.7832,,37439.765,37167.0357,130.9263,,3800.,900.,,300.,,,,,,,,,,,,,,,,,,,,,,,,,,,,,,,,,,,,253,,,3,,5,0,,,,2,0,38,17,,,,,131,66,22,308,9,,,,,,,,,,,,,937,39,71,,,,,,,,,,,,,,,,,,,,,,,23,,15,4,,,,,,,,,,,,,,,,,,,,,,,,,121794,
[4991],CONVERGENT MARGIN,BISMARCK ARC - NEW BRITAIN ARC / BISMARCK ARC - NEW BRITAIN ARC / D^ENTRECASTEAUX ISLANDS / PACIFIC OCEAN,MORESBY STRAIT AREA,-9,-10.5,150,151,SUBAERIAL,,,s 684 [4991],RHYOLITE [4991],,,,,,,,,VOLCANIC ROCK,,,,,WHOLE_ROCK [4991] ,347911.8705000001,1378.482,,73354.1886,,3916.6400000000003,4352.88,,5646.13,361.82399999999996,309.7832,,33787.105,36054.2502,174.5684,,5000.,1200.,,700.0000000000001,,,,,,,,,,,,,,,,,,,,,,,,,,,,,,,,,,,,,,,2,,10,0,,,,0,1,34,15,,,,,129,107,16,207,9,,,,,,,,,,,,,875,43,71,,,,,,,,,,,,,,,,,,,,,,,31,,18,0,,,,,,,,,,,,,,,,,,,,,,,,,121795,
[4991],CONVERGENT MARGIN,BISMARCK ARC - NEW BRITAIN ARC / BISMARCK ARC - NEW BRITAIN ARC / D^ENTRECASTEAUX ISLANDS / PACIFIC OCEAN,MORESBY STRAIT AREA,-9,-10.5,150,151,SUBAERIAL,,,s 685 [4991],RHYOLITE [4991],,,,,,,,,VOLCANIC ROCK,,,,,WHOLE_ROCK [4991] ,353193.88600000006,958.944,,68432.1543,,1608.6200000000001,4974.72,,4502.61,482.43199999999996,232.3374,,37937.855,30935.436899999997,349.1368,,2700.,1500.,,0,,,,,,,,,,,,,,,,,,,,,,,,,,,,,,,,,,,,227,,,1,,5,2,,,,0,0,21,15,,,,,146,73,10,138,7,,,,,,,,,,,,,676,30,56,,,,,,,,,,,,,,,,,,,,,,,24,,18,4,,,,,,,,,,,,,,,,,,,,,,,,,121796,
[4991],CONVERGENT MARGIN,BISMARCK ARC - NEW BRITAIN ARC / BISMARCK ARC - NEW BRITAIN ARC / D^ENTRECASTEAUX ISLANDS / PACIFIC OCEAN,MORESBY STRAIT AREA,-9,-10.5,150,151,SUBAERIAL,,,s 686 [4991],RHYOLITE [4991],,,,,,,,,VOLCANIC ROCK,,,,,WHOLE_ROCK [4991] ,353895.0385,958.944,,69331.881,,1119.04,1399.1399999999999,,4502.61,663.3439999999999,309.7832,,38601.975000000006,30638.694099999997,43.6421,,3400.0000000000005,1200.,,700.0000000000001,,,,,,,,,,,,,,,,,,,,,,,,,,,,,,,,,,,,231,,,1,,4,1,,,,0,0,22,14,,,,,145,71,10,133,6,,,,,,,,,,,,,680,30,38,,,,,,,,,,,,,,,,,,,,,,,23,,20,4,,,,,,,,,,,,,,,,,,,,,,,,,121797,
[4991],CONVERGENT MARGIN,BISMARCK ARC - NEW BRITAIN ARC / BISMARCK ARC - NEW BRITAIN ARC / D^ENTRECASTEAUX ISLANDS / PACIFIC OCEAN,MORESBY STRAIT AREA,-9,-10.5,150,151,SUBAERIAL,,,s 687 [4991],RHYOLITE [4991],,,,,,,,,VOLCANIC ROCK,,,,,WHOLE_ROCK [4991] ,354502.704,1018.878,,70125.7575,,4616.04,2020.98,,4002.32,301.52,154.8916,,38934.035,30119.394199999995,349.1368,,2500.,2100.,,900.,,,,,,,,,,,,,,,,,,,,,,,,,,,,,,,,,,,,520,,,1,,6,0,,,,1,0,17,15,,,,,143,68,8,136,6,,,,,,,,,,,,3.9,691,23,43,4.6,14,1.8,0.32,1.6,0.21,1.3,0.24,0.65,,0.89,,3.3,,,,,,,,,,22,,16,4.2,,,,,,,,,,,,,,,,,,,,,,,,,121798,
[4991],CONVERGENT MARGIN,BISMARCK ARC - NEW BRITAIN ARC / BISMARCK ARC - NEW BRITAIN ARC / D^ENTRECASTEAUX ISLANDS / PACIFIC OCEAN,MORESBY STRAIT AREA,-9,-10.5,150,151,SUBAERIAL,,,s 688 [4991],RHYOLITE [4991],,,,,,,,,VOLCANIC ROCK,,,,,WHOLE_ROCK [4991] ,355811.52200000006,1018.878,,69437.7312,,2238.08,4663.8,,4717.02,603.04,309.7832,,38768.005,30267.7656,436.42100000000005,,3300.,1300.,,200.,,,,,,,,,,,,,,,,,,,,,,,,,,,,,,,,,,,,221,,,1,,4,0,,,,0,0,22,15,,,,,144,71,9,133,7,,,,,,,,,,,,6.1,673,25,45,4.8,15,2.1,0.38,1.9,0.27,1.6,0.39,1.2,,1.3,,4.1,,,,,,,,,,21,,15,4.8,,,,,,,,,,,,,,,,,,,,,,,,,121799,
[4991],CONVERGENT MARGIN,BISMARCK ARC - NEW BRITAIN ARC / BISMARCK ARC - NEW BRITAIN ARC / D^ENTRECASTEAUX ISLANDS / PACIFIC OCEAN,MORESBY STRAIT AREA,-9,-10.5,150,151,SUBAERIAL,,,s 718 [4991],RHYOLITE [4991],,,,,,,,,VOLCANIC ROCK,,,,,WHOLE_ROCK [4991] ,,,,,,,,,,,,,,,,,,,,,,,,,,,,,,,,,,,,,,,,,,,,,,,,,,,,,,,,,,,,,,,,,,,,,,,,,,,,,,,,,,,,,,,,,,0.62,,33,130,9.1,33,7.1,0.41,5.8,0.93,5.5,1.3,4.5,,6,,22,,,,,,,,,,20,,18,2.8,,,,,,,,,,,,,,,,,,,,,,,,,121800,
[4991],CONVERGENT MARGIN,BISMARCK ARC - NEW BRITAIN ARC / BISMARCK ARC - NEW BRITAIN ARC / D^ENTRECASTEAUX ISLANDS / PACIFIC OCEAN,MORESBY STRAIT AREA,-9,-10.5,150,151,SUBAERIAL,,,s 722 [4991],RHYOLITE [4991],,,,,,,,,VOLCANIC ROCK,,,,,WHOLE_ROCK [4991] ,,,,,,,,,,,,,,,,,,,,,,,,,,,,,,,,,,,,,,,,,,,,,,,,,,,,,,,,,,,,,,,,,,,,,,,,,,,,,,,,,,,,,,,,,,4.4,,49,120,14,49,9,0.54,8.1,1.5,9.1,2.2,7.2,,7.8,,19,,,,,,,,,,27,,18,5.3,,,,,,,,,,,,,,,,,,,,,,,,,121801,
[4991],CONVERGENT MARGIN,BISMARCK ARC - NEW BRITAIN ARC / BISMARCK ARC - NEW BRITAIN ARC / D^ENTRECASTEAUX ISLANDS / PACIFIC OCEAN,MORESBY STRAIT AREA,-9,-10.5,150,151,SUBAERIAL,,,s 737 [4991],RHYOLITE [4991],,,,,,,,,VOLCANIC ROCK,,,,,WHOLE_ROCK [4991] ,,,,,,,,,,,,,,,,,,,,,,,,,,,,,,,,,,,,,,,,,,,,,,,,,,,,,,,,,,,,,,,,,,,,,,,,,,,,,,,,,,,,,,,,,,1.2,,74,150,23,81,16,1.1,15,2.7,17,4.1,14,,15,,29,,,,,,,,,,25,,20,7.2,,,,,,,,,,,,,,,,,,,,,,,,,121802,
[4991],CONVERGENT MARGIN,BISMARCK ARC - NEW BRITAIN ARC / BISMARCK ARC - NEW BRITAIN ARC / D^ENTRECASTEAUX ISLANDS / PACIFIC OCEAN,MORESBY STRAIT AREA,-9,-10.5,150,151,SUBAERIAL,,,s 743 [4991],RHYOLITE [4991],,,,,,,,,VOLCANIC ROCK,,,,,WHOLE_ROCK [4991] ,,,,,,,,,,,,,,,,,,,,,,,,,,,,,,,,,,,,,,,,,,,,,,,,,,,,,,,,,,,,,,,,,,,,,,,,,,,,,,,,,,,,,,,,,,8.5,,87,210,24,84,15,0.5,16,2.7,19,4.2,14,,15,,37,,,,,,,,,,59,,30,8.6,,,,,,,,,,,,,,,,,,,,,,,,,121803,
[4049],CONVERGENT MARGIN,BISMARCK ARC - NEW BRITAIN ARC / BISMARCK ARC - NEW BRITAIN ARC / NEW BRITAIN / BAMUS / PACIFIC OCEAN,,-5.23,-5.23,151.25,151.25,SUBAERIAL,,,s E4/1 [4049],"ANDESITE, BASALTIC [4049]",,,,,,,,,VOLCANIC ROCK,,,,,WHOLE_ROCK [4049] ,,,,,,,,,,,,,,,,,,,,,,,,,,,,,,,,,,,,,,,,,,,,,,,,,,,,,,,,,,,,,,,,,,,,,,,,,,,,,,,,,,,,,,,,,,,,1.3,4,0.59,3.2,1.2,0.42,1.5,0.27,1.8,0.39,1.2,,1.3,,0.81,,,,,,,,,,1.9,,0.11,0.08,,,,,,,,,,,,,,,,,,,,,,,,,122084,
[4049],CONVERGENT MARGIN,BISMARCK ARC - NEW BRITAIN ARC / BISMARCK ARC - NEW BRITAIN ARC / NEW BRITAIN / BAMUS / PACIFIC OCEAN,,-5.23,-5.23,151.25,151.25,SUBAERIAL,,,s E4/9 [4049],"ANDESITE, BASALTIC [4049]",,,,,,,,,VOLCANIC ROCK,,,,,WHOLE_ROCK [4049] ,,,,,,,,,,,,,,,,,,,,,,,,,,,,,,,,,,,,,,,,,,,,,,,,,,,,,,,,,,,,,,,,,,,,,,,,,,,,,,,,,,,,,,,,,,0.18,,1.8,5.6,0.9,5,1.7,0.63,2.3,0.4,2.5,0.6,1.8,,1.7,,1.3,,,,,,,,,,3.1,,0.15,0.17,,,,,,,,,,,,,,,,,,,,,,,,,122085,
[5431],CONVERGENT MARGIN,BISMARCK ARC - NEW BRITAIN ARC / BISMARCK ARC - NEW BRITAIN ARC / D^ENTRECASTEAUX ISLANDS / PACIFIC OCEAN,"FERGUSSON ISLAND, SE OF MOUNT LAMONAI",-9,-10.5,150,151,SUBAERIAL,,,s 33714 [5431],COMENDITE [5431],,,,,,,,,VOLCANIC ROCK,,,,,WHOLE_ROCK [5431] ,322670.3805,1977.822,,77482.34640000001,,16925.48,7539.8099999999995,,2930.27,1929.7279999999998,774.4580000000001,,40179.26,47923.962199999994,174.5684,,500.,900.,,1500.,,,,,,,,,,,,,,,,,,,,,,,,,,,,,,,,,,,,,,,,,,,,,,,,,,,,,,,,,,,,,,,,,,,,,,,,,,,,,,,,,,,,,,,,,,,,,,,,,,,,,,,,,,,,,,,,,,,,,,,,,,,,122183,
[5431],CONVERGENT MARGIN,BISMARCK ARC - NEW BRITAIN ARC / BISMARCK ARC - NEW BRITAIN ARC / D^ENTRECASTEAUX ISLANDS / PACIFIC OCEAN,"FERGUSSON ISLAND, SUMMIT CRATER, MOUNT OIAU",-9,-10.5,150,151,SUBAERIAL,,,s 33720 [5431],COMENDITE [5431],,,,,,,,,VOLCANIC ROCK,,,,,WHOLE_ROCK [5431] ,325568.47750000004,2517.2279999999996,,74253.9153,,8392.8,16245.57,,2930.27,422.12800000000004,1626.3618,,39847.2,47553.0337,130.9263,,5000.,1200.,,400.,,,,,,,,,,,,,,,,,,,,,,,,,,,,,,,,,,,,,,,,,,,,,,,,,,,,,,,,,,,,,,,,,,,,,,,,,,,,,,,,,,,,,,,,,,,,,,,,,,,,,,,,,,,,,,,,,,,,,,,,,,,,122184,
[5431],CONVERGENT MARGIN,BISMARCK ARC - NEW BRITAIN ARC / BISMARCK ARC - NEW BRITAIN ARC / D^ENTRECASTEAUX ISLANDS / PACIFIC OCEAN,"FERGUSSON ISLAND, NE FLANK OF MOUNT LAMONAI",-9,-10.5,150,151,SUBAERIAL,,,s 33729 [5431],COMENDITE [5431],,,,,,,,,VOLCANIC ROCK,,,,,WHOLE_ROCK [5431] ,330383.0580000001,1678.152,,74571.4659,,6924.0599999999995,14457.78,,2358.51,904.56,697.0122,,41009.41,45698.3912,87.2842,,3600.,1400.0000000000002,,1100.,,,,,,,,,,,,,,,,,,,,,,,,,,,,,,,,,,,,,,,,,,,,,,,,,,,,,,,,,,,,,,,,,,,,,,,,,,,,,,,,,,,,,,,,,,,,,,,,,,,,,,,,,,,,,,,,,,,,,,,,,,,,122185,
[5431],CONVERGENT MARGIN,BISMARCK ARC - NEW BRITAIN ARC / BISMARCK ARC - NEW BRITAIN ARC / D^ENTRECASTEAUX ISLANDS / PACIFIC OCEAN,"FERGUSSON ISLAND, NUMANUMA BAY",-9,-10.5,150,151,SUBAERIAL,,,s 33733 [5431],COMENDITE [5431],,,,,,,,,VOLCANIC ROCK,,,,,WHOLE_ROCK [5431] ,328045.88300000003,1738.0859999999998,,66262.2252,,22310.86,12048.15,,3001.74,783.952,1161.687,,38103.885,40505.392199999995,130.9263,,3900.,5600.000000000001,,800.,,,,,,,,,,,,,,,,,,,,,,,,,,,,,,,,,,,,,,,,,,,,,,,,,,,,,,,,,,,,,,,,,,,,,,,,,,,,,,,,,,,,,,,,,,,,,,,,,,,,,,,,,,,,,,,,,,,,,,,,,,,,122187,
[5431],CONVERGENT MARGIN,BISMARCK ARC - NEW BRITAIN ARC / BISMARCK ARC - NEW BRITAIN ARC / D^ENTRECASTEAUX ISLANDS / PACIFIC OCEAN,"FERGUSSON ISLAND, NORTH OF NUMANUMA BAY",-9,-10.5,150,151,SUBAERIAL,,,s 33741 [5431],COMENDITE [5431],,,,,,,,,VOLCANIC ROCK,,,,,WHOLE_ROCK [5431] ,338563.17050000007,1498.35,,55571.355,,13988,20054.34,,1214.99,241.21599999999998,851.9038,,36111.524999999994,43843.7487,43.6421,,3100.,900.,,700.0000000000001,,,,,,,,,,,,,,,,,,,,,,,,,,,,,,,,,,,,,,,,,,,,,,,,,,,,,,,,,,,,,,,,,,,,,,,,,,,,,,,,,,,,,,,,,,,,,,,,,,,,,,,,,,,,,,,,,,,,,,,,,,,,122188,
[5431],CONVERGENT MARGIN,BISMARCK ARC - NEW BRITAIN ARC / BISMARCK ARC - NEW BRITAIN ARC / D^ENTRECASTEAUX ISLANDS / PACIFIC OCEAN,EASTERN DOBU ISLAND,-9,-10.5,150,151,SUBAERIAL,,,s 33703 [5431],BASALT [5431],,,,,,,,,VOLCANIC ROCK,,,,,WHOLE_ROCK [5431] ,222639.29050000003,6712.608,,109078.6311,,20842.12,25184.52,,86836.05,39619.728,851.9038,,2739.4950000000003,21588.0387,872.8420000000001,,7000.,9500.,,2200.,,,,,,,,,,,,,,,,,,,,,,,,,,,,,,,,,,,,,,,,,,,,,,,,,,,,,,,,,,,,,,,,,,,,,,,,,,,,,,,,,,,,,,,,,,,,,,,,,,,,,,,,,,,,,,,,,,,,,,,,,,,,122189,
[5431],CONVERGENT MARGIN,BISMARCK ARC - NEW BRITAIN ARC / BISMARCK ARC - NEW BRITAIN ARC / D^ENTRECASTEAUX ISLANDS / PACIFIC OCEAN,EASTERN DOBU ISLAND,-9,-10.5,150,151,SUBAERIAL,,,s 33704 [5431],BASALT [5431],,,,,,,,,VOLCANIC ROCK,,,,,WHOLE_ROCK [5431] ,228622.4585,7012.277999999999,,109925.4327,,27556.36,17877.899999999998,,79188.76,31418.384,929.3496,,6143.11,24036.1668,1047.4104,,8800.,6800.000000000001,,2400.,,,,,,,,,,,,,,,,,,,,,,,,,,,,,,,,,,,,,,,,,,,,,,,,,,,,,,,,,,,,,,,,,,,,,,,,,,,,,,,,,,,,,,,,,,,,,,,,,,,,,,,,,,,,,,,,,,,,,,,,,,,,122190,
[5431],CONVERGENT MARGIN,BISMARCK ARC - NEW BRITAIN ARC / BISMARCK ARC - NEW BRITAIN ARC / D^ENTRECASTEAUX ISLANDS / PACIFIC OCEAN,SANAROA ISLAND,-9,-10.5,150,151,SUBAERIAL,,,s 33705 [5431],BASALT [5431],,,,,,,,,VOLCANIC ROCK,,,,,WHOLE_ROCK [5431] ,233810.98700000002,12046.733999999999,,90343.14570000001,,25667.98,47881.68,,62107.42999999999,29247.439999999995,1316.5786,,8550.545,29451.7229,1789.3261,,8400.,4000.,,1600.,,,,,,,,,,,,,,,,,,,,,,,,,,,,,,,,,,,,,,,,,,,,,,,,,,,,,,,,,,,,,,,,,,,,,,,,,,,,,,,,,,,,,,,,,,,,,,,,,,,,,,,,,,,,,,,,,,,,,,,,,,,,122191,
[5431],CONVERGENT MARGIN,BISMARCK ARC - NEW BRITAIN ARC / BISMARCK ARC - NEW BRITAIN ARC / D^ENTRECASTEAUX ISLANDS / PACIFIC OCEAN,EASTERN DOBU ISLAND,-9,-10.5,150,151,SUBAERIAL,,,s 33706 [5431],BASALT [5431],,,,,,,,,VOLCANIC ROCK,,,,,WHOLE_ROCK [5431] ,234465.396,15462.972,,85156.4859,,34690.24,42362.85,,67181.8,30212.303999999996,1394.0244,,6558.185,33383.565,1963.8945,,100.,1100.,,1800.,,,,,,,,,,,,,,,,,,,,,,,,,,,,,,,,,,,,,,,,,,,,,,,,,,,,,,,,,,,,,,,,,,,,,,,,,,,,,,,,,,,,,,,,,,,,,,,,,,,,,,,,,,,,,,,,,,,,,,,,,,,,122192,
[5431],CONVERGENT MARGIN,BISMARCK ARC - NEW BRITAIN ARC / BISMARCK ARC - NEW BRITAIN ARC / D^ENTRECASTEAUX ISLANDS / PACIFIC OCEAN,EASTERN DOBU ISLAND,-9,-10.5,150,151,SUBAERIAL,,,s 33707 [5431],BASALT [5431],,,,,,,,,VOLCANIC ROCK,,,,,WHOLE_ROCK [5431] ,243066.2,11866.931999999999,,88120.29149999999,,23779.6,41741.01,,61893.020000000004,27558.928,1239.1328,,9878.785,34347.9791,1658.3998000000001,,2500.,1600.,,1200.,,,,,,,,,,,,,,,,,,,,,,,,,,,,,,,,,,,,,,,,,,,,,,,,,,,,,,,,,,,,,,,,,,,,,,,,,,,,,,,,,,,,,,,,,,,,,,,,,,,,,,,,,,,,,,,,,,,,,,,,,,,,122193,
[5431],CONVERGENT MARGIN,BISMARCK ARC - NEW BRITAIN ARC / BISMARCK ARC - NEW BRITAIN ARC / D^ENTRECASTEAUX ISLANDS / PACIFIC OCEAN,EASTERN DOBU ISLAND,-9,-10.5,150,151,SUBAERIAL,,,s 33708 [5431],BENMOREITE [5431],,,,,,,,,VOLCANIC ROCK,,,,,WHOLE_ROCK [5431] ,253443.257,9709.308,,82827.78150000001,,27696.239999999998,29926.05,,56389.829999999994,30393.215999999997,1084.2412000000002,,9463.71,31974.036699999997,1178.3367,,3800.,7100.,,1700.0000000000002,,,,,,,,,,,,,,,,,,,,,,,,,,,,,,,,,,,,,,,,,,,,,,,,,,,,,,,,,,,,,,,,,,,,,,,,,,,,,,,,,,,,,,,,,,,,,,,,,,,,,,,,,,,,,,,,,,,,,,,,,,,,122194,
[5431],CONVERGENT MARGIN,BISMARCK ARC - NEW BRITAIN ARC / BISMARCK ARC - NEW BRITAIN ARC / D^ENTRECASTEAUX ISLANDS / PACIFIC OCEAN,SANAROA ISLAND,-9,-10.5,150,151,SUBAERIAL,,,s 33709 [5431],BENMOREITE [5431],,,,,,,,,VOLCANIC ROCK,,,,,WHOLE_ROCK [5431] ,256762.0455,13784.819999999998,,80975.403,,16645.719999999998,47803.950000000004,,42882,18151.503999999997,1239.1328,,12369.235,38650.7497,3142.2311999999997,,6200.,6100.,,8900.,,,,,,,,,,,,,,,,,,,,,,,,,,,,,,,,,,,,,,,,,,,,,,,,,,,,,,,,,,,,,,,,,,,,,,,,,,,,,,,,,,,,,,,,,,,,,,,,,,,,,,,,,,,,,,,,,,,,,,,,,,,,122195,
[5431],CONVERGENT MARGIN,BISMARCK ARC - NEW BRITAIN ARC / BISMARCK ARC - NEW BRITAIN ARC / D^ENTRECASTEAUX ISLANDS / PACIFIC OCEAN,"FERGUSSON ISLAND, SE OF MOUNT LAMONAI",-9,-10.5,150,151,SUBAERIAL,,,s 33710 [5431],TRACHYTE [5431],,,,,,,,,VOLCANIC ROCK,,,,,WHOLE_ROCK [5431] ,297756.09500000003,5334.126,,86426.6883,,21891.219999999998,11193.119999999999,,17510.15,5246.447999999999,697.0122,,23161.185,57790.660299999996,1091.0525,,2900.,2600.,,300.,,,,,,,,,,,,,,,,,,,,,,,,,,,,,,,,,,,,,,,,,,,,,,,,,,,,,,,,,,,,,,,,,,,,,,,,,,,,,,,,,,,,,,,,,,,,,,,,,,,,,,,,,,,,,,,,,,,,,,,,,,,,122196,
[5431],CONVERGENT MARGIN,BISMARCK ARC - NEW BRITAIN ARC / BISMARCK ARC - NEW BRITAIN ARC / D^ENTRECASTEAUX ISLANDS / PACIFIC OCEAN,"FERGUSSON ISLAND, SE OF MOUNT LAMONAI",-9,-10.5,150,151,SUBAERIAL,,,s 33711 [5431],TRACHYTE [5431],,,,,,,,,VOLCANIC ROCK,,,,,WHOLE_ROCK [5431] ,300326.98750000005,4854.654,,87273.4899,,13848.119999999999,19743.420000000002,,14937.23,4643.407999999999,929.3496,,20670.735,53487.8897,1309.263,,2400.,2400.,,2000.,,,,,,,,,,,,,,,,,,,,,,,,,,,,,,,,,,,,,,,,,,,,,,,,,,,,,,,,,,,,,,,,,,,,,,,,,,,,,,,,,,,,,,,,,,,,,,,,,,,,,,,,,,,,,,,,,,,,,,,,,,,,122197,
[5430],CONVERGENT MARGIN,BISMARCK ARC - NEW BRITAIN ARC / TABAR-LIHIR-TANGA-FENI ISLAND CHAIN / FENI / PACIFIC OCEAN,"1.K KM WEST OF NANUM RIVER OUTLET, SW COAST OF AMBITLE ISLAND",-4.008,-4.008,153.783,153.783,SUBAERIAL,,,s 73680007 [5430],"NEPHELINITE, OLIVINE [5430]",,,,,,,,HYPOCRYSTALLINE [5430] ,VOLCANIC ROCK,,,,,WHOLE_ROCK [5430] ,214085.23,4015.578,,53983.602,,39166.399999999994,38087.700000000004,,105060.9,54575.12,1548.9160000000002,,17848.225,21142.9245,2531.2418,,15400.,17000.,,500.,,,600.,,,,,100.,,,,,,,,,,,,,,,,,,,,,,,,,,,,,,,,,,,,,,,,,,,,,,,,,,,,,,,,,,,,,,,,,,,,,,,,,,,,,,,,,,,,,,,,,,,,,,,,,,,,,,,,,,,,,,,,,,,,122198,
[5430],CONVERGENT MARGIN,BISMARCK ARC - NEW BRITAIN ARC / TABAR-LIHIR-TANGA-FENI ISLAND CHAIN / SIMBERI / PACIFIC OCEAN,2 KM SE OF NAPEKUR VILLAGE,-2.67,-2.67,151.92,151.92,SUBAERIAL,,,s 73680045 [5430],BASANITE [5430],,,,,,,,HYPOCRYSTALLINE [5430] ,VOLCANIC ROCK,,,,,WHOLE_ROCK [5430] ,217824.71000000002,4495.049999999999,,68273.379,,27626.300000000003,39642.299999999996,,87908.1,66334.4,1394.0244,,13282.400000000001,20030.139,1658.3998000000001,,17900.,3500.,,2500.,,,100.,,,,,50.,,230.,,,,,,,,,,,,,,,,,,,,,,,,,,,,,,,,,,,,,,,,,,,,,,,,,,,,,,,,,,,,,,,,,,,,,,,,,,,,,,,,,,,,,,,,,,,,,,,,,,,,,,,,,,,,,,,,,,122199,
[5430],CONVERGENT MARGIN,BISMARCK ARC - NEW BRITAIN ARC / TABAR-LIHIR-TANGA-FENI ISLAND CHAIN / TABAR / PACIFIC OCEAN,"STREAM 1.5 KM SOUTH OF DATAWA VILLAGE, TABAR ISLAND",-2.96,-2.96,152,152,SUBAERIAL,,,s 73680034 [5430],"BASALT, TRANSITIONAL [5430]",,,,,,,,HOLOCRYSTALLINE [5430] ,VOLCANIC ROCK,,,,,WHOLE_ROCK [5430] ,229043.15000000002,7072.2119999999995,,73036.638,,31473.,47803.950000000004,,84334.6,45228.,1548.9160000000002,,14112.55,15578.997,1265.6209,,10800.,8000.,,1000.,,,100.,,,,,400.,,,,,,,,,,,,,,,,,,,,,,,,,,,,,,,,,,,,,,,,,,,,,,,,,,,,,,,,,,,,,,,,,,,,,,,,,,,,,,,,,,,,,,,,,,,,,,,,,,,,,,,,,,,,,,,,,,,,122200,
[5430],CONVERGENT MARGIN,BISMARCK ARC - NEW BRITAIN ARC / TABAR-LIHIR-TANGA-FENI ISLAND CHAIN / FENI / PACIFIC OCEAN,"WARAMUNG BAY, WEST COAST OF AMBITLE ISLAND",-4.008,-4.008,153.783,153.783,SUBAERIAL,,,s 74400047 [5430],"NEPHELINITE, OLIVINE [5430]",,,,,,,,HOLOCRYSTALLINE [5430] ,VOLCANIC ROCK,,,,,WHOLE_ROCK [5430] ,214552.665,4794.72,,64039.371,,40565.2,38865,,102916.8,50052.32,1548.9160000000002,,17848.225,27077.780499999997,2313.0313,,12900.,300.,,500.,,,,,,,,300.,,,,,,,,,,,,,,,,,,,,,,,,,,,,,,,,,,,,,,,,,,,,,,,,,,,,,,,,,,,,,,,,,,,,,,,,,,,,,,,,,,,,,,,,,,,,,,,,,,,,,,,,,,,,,,,,,,,,122201,
[5430],CONVERGENT MARGIN,BISMARCK ARC - NEW BRITAIN ARC / TABAR-LIHIR-TANGA-FENI ISLAND CHAIN / LIHIR / PACIFIC OCEAN,,-3,-3.25,152.43,152.67,SUBAQUATIC,,,s 74400042 [5430],TEPHRITE [5430],,,,,,,,HOLOCRYSTALLINE [5430] ,VOLCANIC ROCK,,,,,WHOLE_ROCK [5430] ,217824.71000000002,5693.73,,81504.65400000001,,44062.2,41974.200000000004,,84334.6,34976.32,1703.8076,,14527.625,26706.852,2618.526,,13000.,3600.,,500.,,,,,,,,400.,,,,,,,,,,,,,,,,,,,,,,,,,,,,,,,,,,,,,,,,,,,,,,,,,,,,,,,,,,,,,,,,,,,,,,,,,,,,,,,,,,,,,,,,,,,,,,,,,,,,,,,,,,,,,,,,,,,,122202,
[5430],CONVERGENT MARGIN,BISMARCK ARC - NEW BRITAIN ARC / TABAR-LIHIR-TANGA-FENI ISLAND CHAIN / FENI / PACIFIC OCEAN,"1.5 KM UP NIFFIN RIVER, SW SIDE OF AMBITLE ISLAND",-4.008,-4.008,153.783,153.783,SUBAERIAL,,,s 73680010 [5430],"TEPHRITE, PHONOLITIC [5430]",,,,,,,,HOLOCRYSTALLINE [5430] ,VOLCANIC ROCK,,,,,WHOLE_ROCK [5430] ,215020.1,4195.379999999999,,92089.674,,39516.100000000006,32257.950000000004,,79331.7,26533.760000000002,1858.6992,,27810.025,25964.995,2793.0944,,22500.,5900.,,1500.,,,300.,,,,,50.,,280.,,,,,,,,,,,,,,,,,,,,,,,,,,,,,,,,,,,,,,,,,,,,,,,,,,,,,,,,,,,,,,,,,,,,,,,,,,,,,,,,,,,,,,,,,,,,,,,,,,,,,,,,,,,,,,,,,,122203,
[5430],CONVERGENT MARGIN,BISMARCK ARC - NEW BRITAIN ARC / TABAR-LIHIR-TANGA-FENI ISLAND CHAIN / FENI / PACIFIC OCEAN,"SOUTH OF BALUM PLANTATION, BABASE ISLAND",-4,-4,153.8,153.8,SUBAERIAL,,,s 73680005 [5430],"TEPHRITE, PHONOLITIC [5430]",,,,,,,,HOLOCRYSTALLINE [5430] ,VOLCANIC ROCK,,,,,WHOLE_ROCK [5430] ,235119.805,4495.049999999999,,98969.937,,34620.3,24873.600000000002,,68253.85,17186.64,2013.5908,,22829.125,34125.422,2094.8208,,6700.,6700.,,2000.,,,1800.,,,,,400.,,,,,,,,,,,,,,,,,,,,,,,,,,,,,,,,,,,,,,,,,,,,,,,,,,,,,,,,,,,,,,,,,,,,,,,,,,,,,,,,,,,,,,,,,,,,,,,,,,,,,,,,,,,,,,,,,,,,122204,
[5430],CONVERGENT MARGIN,BISMARCK ARC - NEW BRITAIN ARC / TABAR-LIHIR-TANGA-FENI ISLAND CHAIN / FENI / PACIFIC OCEAN,"0.8 KM SOUTH OF NANUM RIVER OUTLET, SOUTH COAST OF AMBITLE ISLAND",-4.008,-4.008,153.783,153.783,SUBAERIAL,,,s 74400048 [5430],"PHONOLITE, TEPHRI [5430]",,,,,,,,HOLOCRYSTALLINE [5430] ,VOLCANIC ROCK,,,,,WHOLE_ROCK [5430] ,254752.075,4794.72,,94735.92899999999,,30423.899999999998,19432.5,,41095.25,18392.719999999998,1006.7954,,28225.1,48591.633499999996,1876.6103,,2500.,900.,,500.,,,,,,,,700.0000000000001,,,,,,,,,,,,,,,,,,,,,,,,,,,,,,,,,,,,,,,,,,,,,,,,,,,,,,,,,,,,,,,,,,,,,,,,,,,,,,,,,,,,,,,,,,,,,,,,,,,,,,,,,,,,,,,,,,,,122205,
[5430],CONVERGENT MARGIN,BISMARCK ARC - NEW BRITAIN ARC / TABAR-LIHIR-TANGA-FENI ISLAND CHAIN / FENI / PACIFIC OCEAN,"1.2 KM SOUTH OF NANUM RIVER OUTLET, SOUTH COAST OF AMBITLE ISLAND",-4.008,-4.008,153.783,153.783,SUBAERIAL,,,s 73680011 [5430],TRACHYANDESITE [5430],,,,,,,,HOLOCRYSTALLINE [5430] ,VOLCANIC ROCK,,,,,WHOLE_ROCK [5430] ,260828.73,4075.512,,93677.427,,27276.6,17100.600000000002,,37879.1,16282.08,929.3496,,27810.025,50817.20449999999,1745.6840000000002,,1500.,1300.,,500.,,,3600.,,,,,1100.,,,,,,,,,,,,,,,,,,,,,,,,,,,,,,,,,,,,,,,,,,,,,,,,,,,,,,,,,,,,,,,,,,,,,,,,,,,,,,,,,,,,,,,,,,,,,,,,,,,,,,,,,,,,,,,,,,,,122206,
[5430],CONVERGENT MARGIN,BISMARCK ARC - NEW BRITAIN ARC / TABAR-LIHIR-TANGA-FENI ISLAND CHAIN / TANGA / PACIFIC OCEAN,"SUMMIT OF PEAK ABOVE PUT PLANTATION, SW COAST OF MALENDOK ISLAND",-4,-4.1,153.5,153.6,SUBAQUATIC,,,s 73680013 [5430],TRACHYTE [5430],,,,,,,,HOLOCRYSTALLINE [5430] ,VOLCANIC ROCK,,,,,WHOLE_ROCK [5430] ,256621.815,2337.426,,111671.96100000001,,16785.6,13291.83,,22513.05,6090.704,1394.0244,,55204.975000000006,35980.06449999999,829.1999000000001,,15000.,14400.,,500.,,,2100.,,,,,400.,,,,,,,,,,,,,,,,,,,,,,,,,,,,,,,,,,,,,,,,,,,,,,,,,,,,,,,,,,,,,,,,,,,,,,,,,,,,,,,,,,,,,,,,,,,,,,,,,,,,,,,,,,,,,,,,,,,,122207,
[5430],CONVERGENT MARGIN,BISMARCK ARC - NEW BRITAIN ARC / TABAR-LIHIR-TANGA-FENI ISLAND CHAIN / TABAR / PACIFIC OCEAN,"NEAR HEAD OF STREAM 1 KM SE OF TIRIPATS PLANTATION, TABAR ISLAND",-2.96,-2.96,152,152,SUBAQUATIC,,,s 73680037 [5430],TRACHYTE [5430],,,,,,,,HOLOCRYSTALLINE [5430] ,VOLCANIC ROCK,,,,,WHOLE_ROCK [5430] ,320192.97500000003,1798.0199999999998,,86267.913,,10211.24,3575.5800000000004,,3930.8500000000004,2532.7679999999996,309.7832,,40262.274999999994,44140.4915,43.6421,,2900.,3300.,,1000.,,,100.,,,,,400.,,,,,,,,,,,,,,,,,,,,,,,,,,,,,,,,,,,,,,,,,,,,,,,,,,,,,,,,,,,,,,,,,,,,,,,,,,,,,,,,,,,,,,,,,,,,,,,,,,,,,,,,,,,,,,,,,,,,122208,
[5429],CONVERGENT MARGIN,BISMARCK ARC - NEW BRITAIN ARC / BISMARCK ARC - NEW BRITAIN ARC / BOUGAINVILLE / MOUNT BAGANA / PACIFIC OCEAN,NW FLANK OF VOLCANO,-6.166,-6.166,155.183,155.183,SUBAERIAL,,,s 74400057 [5429],"ANDESITE, BASALTIC [5429]",,,,,,,,,VOLCANIC ROCK,,,,,WHOLE_ROCK [5429] ,251012.59500000003,5753.664,,94206.67800000001,,28675.399999999998,39642.299999999996,,59320.100000000006,23217.04,1394.0244,,13282.400000000001,26706.852,1527.4734999999998,,200.,800.,,0,,,,,,,,,,100.,,,,,,,,,,,,,,,,,,,,,,,,,,,,,,,,,,,,,,,,,,,,,,,,,,,,,,,,,,,,,,,,,,,,,,,,,,,,,,,,,,,,,,,,,,,,,,,,,,,,,,,,,,,,,,,,,,122209,
[5429],CONVERGENT MARGIN,BISMARCK ARC - NEW BRITAIN ARC / BISMARCK ARC - NEW BRITAIN ARC / BOUGAINVILLE / MOUNT BAGANA / PACIFIC OCEAN,N FLANK OF VOLCANO,-6.166,-6.166,155.183,155.183,SUBAERIAL,,,s 74400064 [5429],"ANDESITE, BASALTIC [5429]",,,,,,,1950,,VOLCANIC ROCK,,,,,WHOLE_ROCK [5429] ,251012.59500000003,5274.192,,90501.92100000002,,29025.100000000002,38476.35,,61106.850000000006,25629.199999999997,1316.5786,,13365.415,26706.852,1571.1155999999999,,1700.0000000000002,700.0000000000001,,500.,,,,,,,,,,200.,,,,,,,,,,,,,,,,,,,,,,,,,,,,,,,,,,,,,,,,,,,,,,,,,,,,,,,,,,,,,,,,,,,,,,,,,,,,,,,,,,,,,,,,,,,,,,,,,,,,,,,,,,,,,,,,,,122210,
[5429],CONVERGENT MARGIN,BISMARCK ARC - NEW BRITAIN ARC / BISMARCK ARC - NEW BRITAIN ARC / BOUGAINVILLE / MOUNT BAGANA / PACIFIC OCEAN,S FLANK OF VOLCANO,-6.166,-6.166,155.183,155.183,SUBAERIAL,,,s 74400069 [5429],"ANDESITE, BASALTIC [5429]",,,,,,,,,VOLCANIC ROCK,,,,,WHOLE_ROCK [5429] ,253817.20500000002,5094.389999999999,,93148.176,,27276.6,37310.4,,60749.5,23217.04,1316.5786,,13365.415,27819.637499999997,1571.1155999999999,,200.,600.,,500.,,,,,,,,,,150.,,,,,,,,,,,,,,,,,,,,,,,,,,,,,,,,,,,,,,,,,,,,,,,,,,,,,,,,,,,,,,,,,,,,,,,,,,,,,,,,,,,,,,,,,,,,,,,,,,,,,,,,,,,,,,,,,,122211,
[5429],CONVERGENT MARGIN,BISMARCK ARC - NEW BRITAIN ARC / BISMARCK ARC - NEW BRITAIN ARC / BOUGAINVILLE / MOUNT BAGANA / PACIFIC OCEAN,S FLANK OF VOLCANO,-6.166,-6.166,155.183,155.183,SUBAERIAL,,,s 74400072 [5429],"ANDESITE, BASALTIC [5429]",,,,,,,,,VOLCANIC ROCK,,,,,WHOLE_ROCK [5429] ,256154.38,4974.521999999999,,94206.67800000001,,30423.899999999998,31869.299999999996,,57533.350000000006,22010.96,1316.5786,,13697.474999999999,28190.566,1527.4734999999998,,0,600.,,500.,,,,,,,,,,100.,,,,,,,,,,,,,,,,,,,,,,,,,,,,,,,,,,,,,,,,,,,,,,,,,,,,,,,,,,,,,,,,,,,,,,,,,,,,,,,,,,,,,,,,,,,,,,,,,,,,,,,,,,,,,,,,,,122212,
[5429],CONVERGENT MARGIN,BISMARCK ARC - NEW BRITAIN ARC / BISMARCK ARC - NEW BRITAIN ARC / BOUGAINVILLE / MOUNT BAGANA / PACIFIC OCEAN,N FLANK OF VOLCANO,-6.166,-6.166,155.183,155.183,SUBAERIAL,,,s 74400078 [5429],"ANDESITE, BASALTIC [5429]",,,,,,,,,VOLCANIC ROCK,,,,,WHOLE_ROCK [5429] ,257089.25000000003,5094.389999999999,,94206.67800000001,,29724.5,33035.25,,58605.399999999994,20804.88,1316.5786,,12452.25,27448.709,1483.8314,,600.,600.,,500.,,,,,,,,,,100.,,,,,,,,,,,,,,,,,,,,,,,,,,,,,,,,,,,,,,,,,,,,,,,,,,,,,,,,,,,,,,,,,,,,,,,,,,,,,,,,,,,,,,,,,,,,,,,,,,,,,,,,,,,,,,,,,,122213,
[5429],CONVERGENT MARGIN,BISMARCK ARC - NEW BRITAIN ARC / BISMARCK ARC - NEW BRITAIN ARC / BOUGAINVILLE / MOUNT BAGANA / PACIFIC OCEAN,S FLANK OF VOLCANO,-6.166,-6.166,155.183,155.183,SUBAERIAL,,,s 74400066 [5429],"ANDESITE, BASALTIC [5429]",,,,,,,1966,,VOLCANIC ROCK,,,,,WHOLE_ROCK [5429] ,258024.12000000002,4854.654,,94735.92899999999,,24129.300000000003,37699.049999999996,,57890.7,20201.84,1394.0244,,13033.355000000001,27819.637499999997,1571.1155999999999,,400.,800.,,500.,,,,,,,,,,100.,,,,,,,,,,,,,,,,,,,,,,,,,,,,,,,,,,,,,,,,,,,,,,,,,,,,,,,,,,,,,,,,,,,,,,,,,,,,,,,,,,,,,,,,,,,,,,,,,,,,,,,,,,,,,,,,,,122214,
[5429],CONVERGENT MARGIN,BISMARCK ARC - NEW BRITAIN ARC / BISMARCK ARC - NEW BRITAIN ARC / BOUGAINVILLE / MOUNT BAGANA / PACIFIC OCEAN,S FLANK OF VOLCANO,-6.166,-6.166,155.183,155.183,SUBAERIAL,,,s 74400061 [5429],"ANDESITE, BASALTIC [5429]",,,,,,,1960,,VOLCANIC ROCK,,,,,WHOLE_ROCK [5429] ,258491.555,4914.588,,96323.682,,31123.300000000003,28760.100000000002,,56818.65,20503.359999999997,1394.0244,,13365.415,27819.637499999997,1527.4734999999998,,0,500.,,0,,,,,,,,,,100.,,,,,,,,,,,,,,,,,,,,,,,,,,,,,,,,,,,,,,,,,,,,,,,,,,,,,,,,,,,,,,,,,,,,,,,,,,,,,,,,,,,,,,,,,,,,,,,,,,,,,,,,,,,,,,,,,,122215,
[5429],CONVERGENT MARGIN,BISMARCK ARC - NEW BRITAIN ARC / BISMARCK ARC - NEW BRITAIN ARC / BOUGAINVILLE / MOUNT BAGANA / PACIFIC OCEAN,,-6.166,-6.166,155.183,155.183,SUBAERIAL,,,s 74400071 [5429],"ANDESITE, BASALTIC [5429]",,,,,,,1971,,VOLCANIC ROCK,,,,,WHOLE_ROCK [5429] ,258958.99000000002,5094.389999999999,,94735.92899999999,,29025.100000000002,33423.9,,57890.7,20201.84,1316.5786,,12535.265,27819.637499999997,1527.4734999999998,,100.,500.,,500.,,,,,,,,,,100.,,,,,,,,,,,,,,,,,,,,,,,,,,,,,,,,,,,,,,,,,,,,,,,,,,,,,,,,,,,,,,,,,,,,,,,,,,,,,,,,,,,,,,,,,,,,,,,,,,,,,,,,,,,,,,,,,,122216,
[5429],CONVERGENT MARGIN,BISMARCK ARC - NEW BRITAIN ARC / BISMARCK ARC - NEW BRITAIN ARC / BOUGAINVILLE / MOUNT BAGANA / PACIFIC OCEAN,S FLANK OF VOLCANO,-6.166,-6.166,155.183,155.183,SUBAERIAL,,,s 74400063 [5429],"ANDESITE, BASALTIC [5429]",,,,,,,1964,,VOLCANIC ROCK,,,,,WHOLE_ROCK [5429] ,259426.42500000002,4794.72,,95265.18000000001,,27626.300000000003,33423.9,,56461.3,19598.8,1316.5786,,13365.415,27448.709,1614.7576999999999,,700.0000000000001,300.,,500.,,,,,,,,,,200.,,,,,,,,,,,,,,,,,,,,,,,,,,,,,,,,,,,,,,,,,,,,,,,,,,,,,,,,,,,,,,,,,,,,,,,,,,,,,,,,,,,,,,,,,,,,,,,,,,,,,,,,,,,,,,,,,,122217,
[5429],CONVERGENT MARGIN,BISMARCK ARC - NEW BRITAIN ARC / BISMARCK ARC - NEW BRITAIN ARC / BOUGAINVILLE / MOUNT BAGANA / PACIFIC OCEAN,,-6.166,-6.166,155.183,155.183,SUBAERIAL,,,s 74400073 [5429],"ANDESITE, BASALTIC [5429]",,,,,,,1972,,VOLCANIC ROCK,,,,,WHOLE_ROCK [5429] ,259426.42500000002,4854.654,,94735.92899999999,,27626.300000000003,33035.25,,57890.7,19900.319999999996,1316.5786,,12535.265,27819.637499999997,1527.4734999999998,,400.,600.,,0,,,,,,,,,,100.,,,,,,,,,,,,,,,,,,,,,,,,,,,,,,,,,,,,,,,,,,,,,,,,,,,,,,,,,,,,,,,,,,,,,,,,,,,,,,,,,,,,,,,,,,,,,,,,,,,,,,,,,,,,,,,,,,122218,
[5429],CONVERGENT MARGIN,BISMARCK ARC - NEW BRITAIN ARC / BISMARCK ARC - NEW BRITAIN ARC / BOUGAINVILLE / MOUNT BAGANA / PACIFIC OCEAN,NEAR HEAD OF SAUA RIVER,-6.166,-6.166,155.183,155.183,SUBAERIAL,,,s 74400068 [5429],ANDESITE [5429],,,,,,,,,VOLCANIC ROCK,,,,,WHOLE_ROCK [5429] ,262698.47000000003,4375.182,,91560.42300000001,,35319.7,21764.399999999998,,57890.7,22915.519999999997,1239.1328,,11622.099999999999,26706.852,1352.9051,,400.,600.,,500.,,,,,,,,,,100.,,,,,,,,,,,,,,,,,,,,,,,,,,,,,,,,,,,,,,,,,,,,,,,,,,,,,,,,,,,,,,,,,,,,,,,,,,,,,,,,,,,,,,,,,,,,,,,,,,,,,,,,,,,,,,,,,,122219,
[5429],CONVERGENT MARGIN,BISMARCK ARC - NEW BRITAIN ARC / BISMARCK ARC - NEW BRITAIN ARC / BOUGAINVILLE / MOUNT BAGANA / PACIFIC OCEAN,NW FLANK OF VOLCANO,-6.166,-6.166,155.183,155.183,SUBAERIAL,,,s 74400058 [5429],ANDESITE [5429],,,,,,,,,VOLCANIC ROCK,,,,,WHOLE_ROCK [5429] ,265035.645,4435.116,,95265.18000000001,,30423.899999999998,24484.95,,52887.8,16282.08,1239.1328,,13780.49,28561.4945,1527.4734999999998,,5000.,1000.,,0,,,,,,,,,,100.,,,,,,,,,,,,,,,,,,,,,,,,,,,,,,,,,,,,,,,,,,,,,,,,,,,,,,,,,,,,,,,,,,,,,,,,,,,,,,,,,,,,,,,,,,,,,,,,,,,,,,,,,,,,,,,,,,122220,
[5429],CONVERGENT MARGIN,BISMARCK ARC - NEW BRITAIN ARC / BISMARCK ARC - NEW BRITAIN ARC / BOUGAINVILLE / MOUNT BAGANA / PACIFIC OCEAN,SE FLANK OF VOLCANO,-6.166,-6.166,155.183,155.183,SUBAERIAL,,,s 74400070 [5429],ANDESITE [5429],,,,,,,,,VOLCANIC ROCK,,,,,WHOLE_ROCK [5429] ,265970.515,4375.182,,95794.43100000001,,25528.1,27205.5,,53245.15,16282.08,1239.1328,,13780.49,29674.28,1396.5472,,1900.,1300.,,500.,,,,,,,,,,100.,,,,,,,,,,,,,,,,,,,,,,,,,,,,,,,,,,,,,,,,,,,,,,,,,,,,,,,,,,,,,,,,,,,,,,,,,,,,,,,,,,,,,,,,,,,,,,,,,,,,,,,,,,,,,,,,,,122221,
[5429],CONVERGENT MARGIN,BISMARCK ARC - NEW BRITAIN ARC / BISMARCK ARC - NEW BRITAIN ARC / BOUGAINVILLE / MOUNT BAGANA / PACIFIC OCEAN,NW FLANK OF VOLCANO,-6.166,-6.166,155.183,155.183,SUBAERIAL,,,s 74400077 [5429],ANDESITE [5429],,,,,,,,,VOLCANIC ROCK,,,,,WHOLE_ROCK [5429] ,265970.515,4015.578,,94735.92899999999,,39516.100000000006,14768.699999999999,,53959.85,16583.6,1239.1328,,13365.415,29303.3515,1527.4734999999998,,900.,1700.0000000000002,,500.,,,,,,,,,,100.,,,,,,,,,,,,,,,,,,,,,,,,,,,,,,,,,,,,,,,,,,,,,,,,,,,,,,,,,,,,,,,,,,,,,,,,,,,,,,,,,,,,,,,,,,,,,,,,,,,,,,,,,,,,,,,,,,122222,
[5429],CONVERGENT MARGIN,BISMARCK ARC - NEW BRITAIN ARC / BISMARCK ARC - NEW BRITAIN ARC / BOUGAINVILLE / MOUNT BAGANA / PACIFIC OCEAN,SE FLANK OF VOLCANO,-6.166,-6.166,155.183,155.183,SUBAERIAL,,,s 74400065 [5429],ANDESITE [5429],,,,,,,,,VOLCANIC ROCK,,,,,WHOLE_ROCK [5429] ,267372.82,4015.578,,95794.43100000001,,23080.199999999997,29537.399999999998,,52173.1,15980.559999999998,1239.1328,,14112.55,30045.208499999997,1483.8314,,1500.,1500.,,500.,,,,,,,,,,100.,,,,,,,,,,,,,,,,,,,,,,,,,,,,,,,,,,,,,,,,,,,,,,,,,,,,,,,,,,,,,,,,,,,,,,,,,,,,,,,,,,,,,,,,,,,,,,,,,,,,,,,,,,,,,,,,,,122223,
[5429],CONVERGENT MARGIN,BISMARCK ARC - NEW BRITAIN ARC / BISMARCK ARC - NEW BRITAIN ARC / BOUGAINVILLE / MOUNT BAGANA / PACIFIC OCEAN,N FLANK OF VOLCANO,-6.166,-6.166,155.183,155.183,SUBAERIAL,,,s 74400060 [5429],ANDESITE [5429],,,,,,,,,VOLCANIC ROCK,,,,,WHOLE_ROCK [5429] ,269242.56000000006,4075.512,,95794.43100000001,,27626.300000000003,22541.7,,52173.1,15377.519999999999,1239.1328,,14112.55,29303.3515,1483.8314,,2100.,1100.,,500.,,,,,,,,,,150.,,,,,,,,,,,,,,,,,,,,,,,,,,,,,,,,,,,,,,,,,,,,,,,,,,,,,,,,,,,,,,,,,,,,,,,,,,,,,,,,,,,,,,,,,,,,,,,,,,,,,,,,,,,,,,,,,,122224,
[5432],CONVERGENT MARGIN,BISMARCK ARC - NEW BRITAIN ARC / BISMARCK ARC - NEW BRITAIN ARC / NEW GUINEA / MOUNT HAGEN / PACIFIC OCEAN,SE SUMMIT AREA,-5.75,-5.75,144,144,SUBAERIAL,,,s 1 [5432],SHOSHONITE [5432],210000 [5432],210000 [5432],,,,,,,VOLCANIC ROCK,,,,,WHOLE_ROCK [5432] ,236054.67500000002,5513.928,,71448.88500000001,,10700.82,51690.450000000004,,56103.95,74776.95999999999,1084.2412000000002,,19508.525,19659.210499999997,2531.2418,,6400.,,,300.,,,,,,,,,,300.,,,,,,,,,,,,,,,,,,,,,,,,,,,,,25,,210,608,,,78,340,75,,,,,,,74,560,20,83,3.1,,,,,,,,,,,,,405,112,45,,,,,,,,,,,,,,,,,,,,,,,6.8,,,,,,,,,,,,,,,,,,,,,,,,,,,,122345,
[5432],CONVERGENT MARGIN,BISMARCK ARC - NEW BRITAIN ARC / BISMARCK ARC - NEW BRITAIN ARC / NEW GUINEA / MOUNT HAGEN / PACIFIC OCEAN,"TURUK RIVER, 20 KM SE OF HAGEN",-5.75,-5.75,144,144,SUBAERIAL,,,s 2 [5432],SHOSHONITE [5432],210000 [5432],210000 [5432],,,,,,,VOLCANIC ROCK,,,,,WHOLE_ROCK [5432] ,244001.07000000004,6053.334,,79916.901,,10141.3,51690.450000000004,,62893.600000000006,49449.27999999999,1161.687,,19508.525,21142.9245,2574.8839,,8100.000000000001,,,700.0000000000001,,,,,,,,,,300.,,,,,,,,,,,,,,,,,,,,,,,,,,,,,28,,230,365,,,63,115,105,,,,,,,69,615,21,92,2.1,,,,,,,,,,,,,485,13,25,,,,,,,,,,,,,,,,,,,,,,,9.2,,,,,,,,,,,,,,,,,,,,,,,,,,,,122346,
[5432],CONVERGENT MARGIN,BISMARCK ARC - NEW BRITAIN ARC / BISMARCK ARC - NEW BRITAIN ARC / NEW GUINEA / MOUNT HAGEN / PACIFIC OCEAN,SE SUMMIT AREA,-5.75,-5.75,144,144,SUBAERIAL,,,s 3 [5432],"ANDESITE, OLIVINE-HORNBLENDE-AUGITE-HYPERSTHENE [5432]",210000 [5432],210000 [5432],,,,,,,VOLCANIC ROCK,,,,,WHOLE_ROCK [5432] ,254284.64,5993.4,,80975.403,,18534.1,39253.65,,54674.55,39800.63999999999,1084.2412000000002,,19259.48,24481.281,1963.8945,,7400.,,,,,,,,,,,,,200.,,,,,,,,,,,,,,,,,,,,,,,,,,,,,24,,205,244,,,64,75,129,,,,,,,65,980,24.5,155,3.7,,,,,,,,,,,,,935,35.5,51.5,,,,,,,,,,,,,,,,,,,,,,,17.5,,,,,,,,,,,,,,,,,,,,,,,,,,,,122347,
[5432],CONVERGENT MARGIN,BISMARCK ARC - NEW BRITAIN ARC / BISMARCK ARC - NEW BRITAIN ARC / NEW GUINEA / MOUNT HAGEN / PACIFIC OCEAN,SE SUMMIT AREA,-5.75,-5.75,144,144,SUBAERIAL,,,s 4 [5432],"ANDESITE, OLIVINE-HORNBLENDE-AUGITE-HYPERSTHENE [5432]",210000 [5432],210000 [5432],,,,,,,VOLCANIC ROCK,,,,,WHOLE_ROCK [5432] ,265503.08,4854.654,,91031.172,,18534.1,30703.350000000002,,40023.2,31056.56,929.3496,,15357.775000000001,28561.4945,1003.7683000000001,,16000.,,,500.,,,,,,,,,,200.,,,,,,,,,,,,,,,,,,,,,,,,,,,,,18,,150,222,,,32,75,59,,,,,,,41.5,705,18,155,5,,,,,,,,,,,,,705,23.5,44,,,,,,,,,,,,,,,,,,,,,,,12,,,,,,,,,,,,,,,,,,,,,,,,,,,,122348,
[5432],CONVERGENT MARGIN,BISMARCK ARC - NEW BRITAIN ARC / BISMARCK ARC - NEW BRITAIN ARC / NEW GUINEA / MOUNT HAGEN / PACIFIC OCEAN,CENTRAL SUMMIT AREA,-5.75,-5.75,144,144,SUBAERIAL,,,s 5 [5432],"ANDESITE, HORNBLENDE-2 PYROXENE [5432]",210000 [5432],210000 [5432],,,,,,,VOLCANIC ROCK,,,,,WHOLE_ROCK [5432] ,272982.04000000004,4315.248,,95265.18000000001,,17485.,28371.45,,41095.25,20804.88,929.3496,,14112.55,28561.4945,1265.6209,,14000.,,,500.,,,,,,,,,,200.,,,,,,,,,,,,,,,,,,,,,,,,,,,,,17,,125,68,,,42,25,53,,,,,,,48.5,755,17.5,145,6.3,,,,,,,,,,,,,680,25.5,36.5,,,,,,,,,,,,,,,,,,,,,,,14,,,,,,,,,,,,,,,,,,,,,,,,,,,,122349,
[5432],CONVERGENT MARGIN,BISMARCK ARC - NEW BRITAIN ARC / BISMARCK ARC - NEW BRITAIN ARC / NEW GUINEA / MOUNT HAGEN / PACIFIC OCEAN,CENTRAL SUMMIT AREA,-5.75,-5.75,144,144,SUBAERIAL,,,s 6 [5432],"ANDESITE, TRIDYMITE-2 PYROXENE-HORNBLENDE [5432]",210000 [5432],210000 [5432],,,,,,,VOLCANIC ROCK,,,,,WHOLE_ROCK [5432] ,284200.48,2996.7,,96323.682,,15736.5,20598.45,,38951.15,12663.84,851.9038,,19093.449999999997,30045.208499999997,1352.9051,,9500.,,,,,,,,,,,,,200.,,,,,,,,,,,,,,,,,,,,,,,,,,,,,9,,69,26.5,,,19,11,20,,,,,,,64,935,18,180,4.8,,,,,,,,,,,,,815,31,39.5,,,,,,,,,,,,,,,,,,,,,,,17,,,,,,,,,,,,,,,,,,,,,,,,,,,,122350,
[5432],CONVERGENT MARGIN,BISMARCK ARC - NEW BRITAIN ARC / BISMARCK ARC - NEW BRITAIN ARC / NEW GUINEA / MOUNT GILUWE / PACIFIC OCEAN,N SUMMIT AREA,-6,-6,143.9,143.9,SUBAERIAL,,,s 7 [5432],SHOSHONITE [5432],,,,,,,,,VOLCANIC ROCK,,,,,WHOLE_ROCK [5432] ,239326.72000000003,5933.465999999999,,91560.42300000001,,19583.199999999997,40808.25,,62536.25,39197.6,1084.2412000000002,,19508.525,23368.495499999997,2531.2418,,9200.,,,700.0000000000001,,,,,,,,,,200.,,,,,,,,,,,,,,,,,,,,,,,,,,,,,25,,260,150,,,44,81,122,,,,,,,65.5,770,21,84,2.4,,,,,,,,,,,,,480,16.5,33,,,,,,,,,,,,,,,,,,,,,,,8,,,,,,,,,,,,,,,,,,,,,,,,,,,,122351,
[5432],CONVERGENT MARGIN,BISMARCK ARC - NEW BRITAIN ARC / BISMARCK ARC - NEW BRITAIN ARC / NEW GUINEA / MOUNT GILUWE / PACIFIC OCEAN,UPPER NE SLOPES,-6,-6,143.9,143.9,SUBAERIAL,,,s 8 [5432],"ANDESITE, OLIVINE-2 PYROXENE [5432]",,,,,,,,,VOLCANIC ROCK,,,,,WHOLE_ROCK [5432] ,256621.815,5094.389999999999,,88384.917,,15037.099999999999,37699.049999999996,,53602.5,33468.719999999994,929.3496,,19093.449999999997,25964.995,2400.3155,,6400.,,,,,,,,,,,,,100.,,,,,,,,,,,,,,,,,,,,,,,,,,,,,22,,185,163,,,35,70,85,,,,,,,82.5,815,21.5,98,2.1,,,,,,,,,,,,,560,19,22.5,,,,,,,,,,,,,,,,,,,,,,,11.5,,,,,,,,,,,,,,,,,,,,,,,,,,,,122352,
[5432],CONVERGENT MARGIN,BISMARCK ARC - NEW BRITAIN ARC / BISMARCK ARC - NEW BRITAIN ARC / NEW GUINEA / MOUNT GILUWE / PACIFIC OCEAN,UPPER SW SLOPES,-6,-6,143.9,143.9,SUBAERIAL,,,s 9 [5432],"ANDESITE, 2-PYROXENE [5432]",,,,,,,,,VOLCANIC ROCK,,,,,WHOLE_ROCK [5432] ,262231.03500000003,4674.852,,83621.65800000001,,15386.800000000001,32257.950000000004,,45383.45,38896.08,929.3496,,24074.35,25223.138,2051.1787,,8000.,,,800.,,,,,,,,,,200.,,,,,,,,,,,,,,,,,,,,,,,,,,,,,19,,145,274,,,37,130,78,,,,,,,108,710,22,145,5.8,,,,,,,,,,,,,650,25,46.5,,,,,,,,,,,,,,,,,,,,,,,14.5,,,,,,,,,,,,,,,,,,,,,,,,,,,,122353,
[5432],CONVERGENT MARGIN,BISMARCK ARC - NEW BRITAIN ARC / BISMARCK ARC - NEW BRITAIN ARC / NEW GUINEA / MOUNT GILUWE / PACIFIC OCEAN,N SUMMIT AREA,-6,-6,143.9,143.9,SUBAERIAL,,,s 10 [5432],"ANDESITE, HORNBLENDE-2 PYROXENE [5432]",,,,,,,,,VOLCANIC ROCK,,,,,WHOLE_ROCK [5432] ,265503.08,3715.908,,99499.18800000001,,33431.32,10649.01,,45740.8,17186.64,1006.7954,,19923.6,30787.0655,3447.7259000000004,,5900.,,,300.,,,,,,,,,,300.,,,,,,,,,,,,,,,,,,,,,,,,,,,,,10,,69.3,0.9,,,20,10,30,,,,,,,82,945,21.5,125,4.4,,,,,,,,,,,,,655,21,32.5,,,,,,,,,,,,,,,,,,,,,,,13.5,,,,,,,,,,,,,,,,,,,,,,,,,,,,122354,
[5432],CONVERGENT MARGIN,BISMARCK ARC - NEW BRITAIN ARC / BISMARCK ARC - NEW BRITAIN ARC / NEW GUINEA / MOUNT MURRAY / PACIFIC OCEAN,,-6.7,-6.7,143.95,143.95,SUBAERIAL,,,s 11 [5432],"BASALT, OLIVINE [5432]",,,,,,,,,VOLCANIC ROCK,,,,,WHOLE_ROCK [5432] ,233250.065,8031.156,,77799.897,,12938.900000000001,61018.049999999996,,68611.2,51559.92,1316.5786,,14527.625,20030.139,3011.3048999999996,,7500.,,,,,,,,,,,,,400.,,,,,,,,,,,,,,,,,,,,,,,,,,,,,31,,285,355,,,66,95,135,,,,,,,38,635,21.4,115,6.3,,,,,,,,,,,,,295,14,21,,,,,,,,,,,,,,,,,,,,,,,8.7,,,,,,,,,,,,,,,,,,,,,,,,,,,,122355,
[5432],CONVERGENT MARGIN,BISMARCK ARC - NEW BRITAIN ARC / BISMARCK ARC - NEW BRITAIN ARC / NEW GUINEA / MOUNT MURRAY / PACIFIC OCEAN,,-6.7,-6.7,143.95,143.95,SUBAERIAL,,,s 12 [5432],"BASALT, OLIVINE [5432]",,,,,,,,,VOLCANIC ROCK,,,,,WHOLE_ROCK [5432] ,244468.505,8870.232,,88914.168,,17135.300000000003,50913.15,,56818.65,31358.079999999998,1239.1328,,17018.074999999997,24110.3525,3054.9469999999997,,9400.,,,,,,,,,,,,,300.,,,,,,,,,,,,,,,,,,,,,,,,,,,,,24,,280,75,,,50,33,100,,,,,,,43,765,24.5,135,9,,,,,,,,,,,,,330,21.5,43,,27,,,,,,,,,,,,,,,,,,,,,10,,,,,,,,,,,,,,,,,,,,,,,,,,,,122356,
[5432],CONVERGENT MARGIN,BISMARCK ARC - NEW BRITAIN ARC / BISMARCK ARC - NEW BRITAIN ARC / NEW GUINEA / MOUNT MURRAY / PACIFIC OCEAN,,-6.7,-6.7,143.95,143.95,SUBAERIAL,,,s 13 [5432],"ANDESITE, HORNBLENDE-2 PYROXENE [5432]",,,,,,,,,VOLCANIC ROCK,,,,,WHOLE_ROCK [5432] ,273449.47500000003,6053.334,,90501.92100000002,,24828.699999999997,22541.7,,45740.8,13568.4,1239.1328,,22414.050000000003,27077.780499999997,2182.105,,9000.,,,300.,,,,,,,,,,400.,,,,,,,,,,,,,,,,,,,,,,,,,,,,,12,,130,0,,,21,8,22,,,,,,,81,785,23.5,285,12,,,,,,,,,,,,,700,39,70.5,,,,,,,,,,,,,,,,,,,,,,,14,,,,,,,,,,,,,,,,,,,,,,,,,,,,122357,
[5432],CONVERGENT MARGIN,BISMARCK ARC - NEW BRITAIN ARC / BISMARCK ARC - NEW BRITAIN ARC / NEW GUINEA / MOUNT DUAU / PACIFIC OCEAN,SE SLOPES,-9.1833,-9.1833,148.0667,148.0667,SUBAERIAL,,,s 14 [5432],"BASALT, OLIVINE [5432]",,,,,,,,,VOLCANIC ROCK,,,,,WHOLE_ROCK [5432] ,235119.805,7192.079999999999,,80975.403,,19932.9,47026.65,,66467.1,52766.,1316.5786,,14527.625,18546.425,3054.9469999999997,,9200.,,,,,,,,,,,,,400.,,,,,,,,,,,,,,,,,,,,,,,,,,,,,29,,284,294,,,47,163,95,,,,,,,65,680,24,,,,,,,,,,,,,,,195,9.6,26,,,,,,,,,,,,,,,,,,,,,,,12,,1,0.3,,,,,,,,,,,,,,,,,,,,,,,,,122358,
[5432],CONVERGENT MARGIN,BISMARCK ARC - NEW BRITAIN ARC / BISMARCK ARC - NEW BRITAIN ARC / NEW GUINEA / MOUNT DUAU / PACIFIC OCEAN,S SLOPES,-9.1833,-9.1833,148.0667,148.0667,SUBAERIAL,,,s 15 [5432],"ANDESITE, HORNBLENDE-2 PYROXENE [5432]",,,,,,,,,VOLCANIC ROCK,,,,,WHOLE_ROCK [5432] ,279058.695,4315.248,,92089.674,,22730.5,19043.850000000002,,45026.1,15679.039999999999,1084.2412000000002,,17018.074999999997,27077.780499999997,2051.1787,,10500.,,,1000.,,,,,,,,,,600.,,,,,,,,,,,,,,,,,,,,,,,,,,,,,13,,111,47,,,23,22,37,,,,,,,59.5,925,23,,,,,,,,,,,,,,,480,25,45,,,,,,,,,,,,,,,,,,,,,,,16,,5,1.4,,,,,,,,,,,,,,,,,,,,,,,,,122359,
[5432],CONVERGENT MARGIN,BISMARCK ARC - NEW BRITAIN ARC / BISMARCK ARC - NEW BRITAIN ARC / NEW GUINEA / MOUNT FAVENC / PACIFIC OCEAN,S SLOPES,-6.9333,-6.9333,144.7167,144.7167,SUBAERIAL,,,s 16 [5432],"BASALT, OLIVINE [5432]",,,,,,,,,VOLCANIC ROCK,,,,,WHOLE_ROCK [5432] ,244001.07000000004,7491.75,,92089.674,,21681.4,46249.35,,61464.2,29850.48,1394.0244,,13697.474999999999,23739.424,2836.7365,,6200.,,,500.,,,,,,,,,,200.,,,,,,,,,,,,,,,,,,,,,,,,,,,,,22,,237,75,,,36,45,84,,,,,,,39.2,703,25,,,,,,,,,,,,,,,308,17,38,,,,,,,,,,,,,,,,,,,,,,,13.5,,4,0.2,,,,,,,,,,,,,,,,,,,,,,,,,122360,
[5432],CONVERGENT MARGIN,BISMARCK ARC - NEW BRITAIN ARC / BISMARCK ARC - NEW BRITAIN ARC / NEW GUINEA / MOUNT FAVENC / PACIFIC OCEAN,SE SLOPES,-6.9333,-6.9333,144.7167,144.7167,SUBAERIAL,,,s 17 [5432],"ANDESITE, HORNBLENDE-2 PYROXENE [5432]",,,,,,,,,VOLCANIC ROCK,,,,,WHOLE_ROCK [5432] ,293081.74500000005,3176.502,,93148.176,,13988,19043.850000000002,,36807.05,11457.759999999998,929.3496,,18263.300000000003,28932.423,1571.1155999999999,,9300.,,,100.,,,,,,,,,,300.,,,,,,,,,,,,,,,,,,,,,,,,,,,,,8,,61,10,,,19,6,18,,,,,,,67.9,820,17,,,,,,,,,,,,,,,526,23,48,,,,,,,,,,,,,,,,,,,,,,,15.5,,7,1.3,,,,,,,,,,,,,,,,,,,,,,,,,122361,
[5432],CONVERGENT MARGIN,BISMARCK ARC - NEW BRITAIN ARC / BISMARCK ARC - NEW BRITAIN ARC / NEW GUINEA / MOUNT BOSAVI / PACIFIC OCEAN,,-6.6,-6.6,142.8,142.8,SUBAERIAL,,,s 18 [5432],"BASALT, ALKALINE, OLIVINE [5432]",,,,,,,,,VOLCANIC ROCK,,,,,WHOLE_ROCK [5432] ,220161.885,7671.552,,74624.391,,24129.300000000003,50913.15,,70755.3,70555.68,1394.0244,,7886.424999999999,21513.853,1832.9682,,9700.,,,200.,,,,,,,,,,400.,,,,,,,,,,,,,,,,,,,,,,,,,,,,,30,,280,780,,,72,222,68,,,,,,,29,675,20.5,146,8.9,,,,,,,,,,,,,355,26,64,,,,,,,,,,,,,,,,,,,,,,,4.8,,,,,,,,,,,,,,,,,,,,,,,,,,,,122362,
[5432],CONVERGENT MARGIN,BISMARCK ARC - NEW BRITAIN ARC / BISMARCK ARC - NEW BRITAIN ARC / NEW GUINEA / MOUNT BOSAVI / PACIFIC OCEAN,W SLOPES,-6.6,-6.6,142.8,142.8,SUBAERIAL,,,s 19 [5432],"BASALT, OLIVINE [5432]",,,,,,,,,VOLCANIC ROCK,,,,,WHOLE_ROCK [5432] ,245403.37500000003,6053.334,,85738.662,,20632.300000000003,41974.200000000004,,58605.399999999994,40705.2,1394.0244,,14942.7,26335.923499999997,2182.105,,6600.,,,,,,,,,,,,,200.,,,,,,,,,,,,,,,,,,,,,,,,,,,,,22,,195,335,,,46,97,52,,,,,,,39.5,690,22,187,13.5,,,,,,,,,,,,,520,31.5,51.5,,,,,,,,,,,,,,,,,,,,,,,7.3,,,,,,,,,,,,,,,,,,,,,,,,,,,,122363,
[5432],CONVERGENT MARGIN,BISMARCK ARC - NEW BRITAIN ARC / BISMARCK ARC - NEW BRITAIN ARC / NEW GUINEA / MOUNT BOSAVI / PACIFIC OCEAN,TURAMA RIVER,-6.6,-6.6,142.8,142.8,SUBAERIAL,,,s 20 [5432],"ANDESITE, HORNBLENDE-2 PYROXENE [5432]",,,,,,,,,VOLCANIC ROCK,,,,,WHOLE_ROCK [5432] ,281395.87000000005,4075.512,,91560.42300000001,,20632.300000000003,20987.100000000002,,42882,12663.84,929.3496,,20753.75,30045.208499999997,1483.8314,,7200.,,,200.,,,,,,,,,,400.,,,,,,,,,,,,,,,,,,,,,,,,,,,,,12,,120,7.1,,,40,10,42,,,,,,,71,765,21.5,256,14,,,,,,,,,,,,,760,34,58,,,,,,,,,,,,,,,,,,,,,,,8.6,,,,,,,,,,,,,,,,,,,,,,,,,,,,122364,
[5622],CONVERGENT MARGIN,BISMARCK ARC - NEW BRITAIN ARC / MANUS BACK-ARC BASIN / TULUMAN / NORTH BISMARCK SEA / PACIFIC OCEAN,"ST ANDREW STRAIT ISLANDS, CONE 3",-2.55,-2.55,147.366,147.366,SUBAERIAL,,,s 10A [5622],RHYOLITE [5622],,,,,,,,VESICULAR [5622] ,VOLCANIC ROCK,,,,,WHOLE_ROCK [5622] ,325101.04250000004,2697.0299999999997,,75047.7918,,5735.08,20676.18,,13436.359999999999,2773.984,774.4580000000001,,26730.83,39986.0923,305.4947,,2500.,1000.,,3400.0000000000005,,,,,,,,,,,,,,,,,,,,,,,,,,,,,,,,,,,,,,,,,0,27,,,,0,6,77,18,,,,,115,96,51,523,57,,,,,,,,,,,,,764,39,93,,,,,,,,,,,,,,,,,,,,,,,16,,12,3,,,,,,,,,,,,,,,,,,,,,,,,,125903,
[5622],CONVERGENT MARGIN,BISMARCK ARC - NEW BRITAIN ARC / MANUS BACK-ARC BASIN / TULUMAN / NORTH BISMARCK SEA / PACIFIC OCEAN,"ST ANDREW STRAIT ISLANDS, SW COAST OF TULUMAN ISLAND",-2.55,-2.55,147.366,147.366,SUBAERIAL,,,s 11 [5622],RHYOLITE [5622],,,,,,,,,VOLCANIC ROCK,,,,,WHOLE_ROCK [5622] ,324727.0945,2697.0299999999997,,73565.88900000001,,6294.6,20365.260000000002,,13507.83,2954.8959999999997,774.4580000000001,,26647.815,39911.906599999995,567.3473,,600.,1000.,,2400.,,,,,,,,,,,,,,,,,,,,,,,,,,,,,,,,,,,,,,,,,0,26,,,,0,4,75,18,,,,,110,95,50,520,54,,,,,,,,,,,,1.7,756,43,95,9.9,35,6.7,1.5,7.2,1.2,7.1,1.6,4.9,,5,,11,,,,,,,,,,8,,13,2.9,,,,,,,,,,,,,,,,,,,,,,,,,125904,
[5622],CONVERGENT MARGIN,BISMARCK ARC - NEW BRITAIN ARC / MANUS BACK-ARC BASIN / TULUMAN / NORTH BISMARCK SEA / PACIFIC OCEAN,"ST ANDREW STRAIT ISLANDS, NW COAST OF TULUMAN ISLAND",-2.55,-2.55,147.366,147.366,SUBAERIAL,,,s 16 [5622],RHYOLITE [5622],,,,,,,,,VOLCANIC ROCK,,,,,WHOLE_ROCK [5622] ,324446.6335,2637.096,,72719.0874,,6644.299999999999,21453.48,,13793.71,4583.103999999999,774.4580000000001,,26481.785,39466.7924,261.8526,,2700.,1200.,,3200.,,,,,,,,,,,,,,,,,,,,,,,,,,,,,,,,,,,,,,,,,0,27,,,,0,6,73,17,,,,,110,88,50,510,53,,,,,,,,,,,,,751,39,92,,,,,,,,,,,,,,,,,,,,,,,11,,11,3,,,,,,,,,,,,,,,,,,,,,,,,,125906,
[5622],CONVERGENT MARGIN,BISMARCK ARC - NEW BRITAIN ARC / MANUS BACK-ARC BASIN / LOU / NORTH BISMARCK SEA / PACIFIC OCEAN,"ST ANDREW STRAIT ISLANDS, 1.5 KM S OF EXTREME NE TIP OF LOU ISLAND",-2.42,-2.42,147.38,147.38,SUBAERIAL,,,s 31 [5622],RHYOLITE [5622],,,,,,,,,VOLCANIC ROCK,,,,,WHOLE_ROCK [5622] ,329074.24000000005,2157.624,,75153.64199999999,,5315.4400000000005,17100.600000000002,,10577.56,2713.68,542.1206000000001,,33206.,38576.564,218.21050000000002,,100.,2700.,,1900.,,,,,,,,,,,,,,,,,,,,,,,,,,,,,,,,,,,,,,,,,,,,,,,,,,,,,,,,,,,,,,,,,,,,,,,,,,,,,,,,,,,,,,,,,,,,,,,,,,,2.7,,,,,,,,,,,,,,,,,,,,,,,,,125908,
[5622],CONVERGENT MARGIN,BISMARCK ARC - NEW BRITAIN ARC / MANUS BACK-ARC BASIN / LOU / NORTH BISMARCK SEA / PACIFIC OCEAN,"ST ANDREW STRAIT ISLANDS, 100 M W OF EXTREME NE TIP OF LOU ISLAND",-2.42,-2.42,147.38,147.38,SUBAERIAL,,,s 33 [5622],RHYOLITE [5622],,,,,,,,,VOLCANIC ROCK,,,,,WHOLE_ROCK [5622] ,329868.8795,2157.624,,75947.5185,,8043.099999999999,14613.24,,10577.56,3015.2,697.0122,,30383.49,38873.3068,218.21050000000002,,600.,1000.,,1700.0000000000002,,,,,,,,,,,,,,,,,,,,,,,,,,,,,,,,,,,,,,,,,0,27,,,,0,6,56,19,,,,,134,93,40,499,50,,,,,,,,,,,,1.3,821,34,80,8.1,29,6.1,1.4,6.1,1,6.6,1.4,4.4,,4.5,,9.8,,,,,,,,,,9,,13,,,,,,,,,,,,,,,,,,,,,,,,,,125909,
[5622],CONVERGENT MARGIN,BISMARCK ARC - NEW BRITAIN ARC / MANUS BACK-ARC BASIN / LOU / NORTH BISMARCK SEA / PACIFIC OCEAN,"ST ANDREW STRAIT ISLANDS, 700 M NE OF SOLANG VILLAGE, NW COAST OF LOU ISLAND",-2.42,-2.42,147.38,147.38,SUBAERIAL,,,s 02 [5622],RHYOLITE [5622],,,,,,,,,VOLCANIC ROCK,,,,,WHOLE_ROCK [5622] ,333701.84650000004,1857.954,,73830.5145,,4056.5199999999995,14613.24,,9219.630000000001,3316.7200000000003,542.1206000000001,,32624.895,37537.964199999995,174.5684,,1500.,2100.,,2700.,,,,,,,,,,,,,,,,,,,,,,,,,,,,,,,,,,,,,,,,,0,26,,,,0,5,53,17,,,,,141,72,39,432,46,,,,,,,,,,,,,812,34,84,,,,,,,,,,,,,,,,,,,,,,,8,,14,3,,,,,,,,,,,,,,,,,,,,,,,,,125910,
[5622],CONVERGENT MARGIN,BISMARCK ARC - NEW BRITAIN ARC / MANUS BACK-ARC BASIN / LOU / NORTH BISMARCK SEA / PACIFIC OCEAN,"ST ANDREW STRAIT ISLANDS, 3.3 KM E OF BAUN VILLAGE, SE COAST OF LOU ISLAND",-2.42,-2.42,147.38,147.38,SUBAERIAL,,,s 24 [5622],RHYOLITE [5622],,,,,,,,,VOLCANIC ROCK,,,,,WHOLE_ROCK [5622] ,342536.368,1558.2839999999999,,71660.5854,,3776.76,10882.199999999999,,7004.0599999999995,2110.64,542.1206000000001,,33787.105,35980.06449999999,130.9263,,2000.,900.,,2700.,,,,,,,,,,,,,,,,,,,,,,,,,,,,,,,,,,,,,,,,,0,23,,,,0,0,50,15,,,,,150,60,35,322,41,,,,,,,,,,,,,792,35,79,,,,,,,,,,,,,,,,,,,,,,,9,,15,2,,,,,,,,,,,,,,,,,,,,,,,,,125911,
[5622],CONVERGENT MARGIN,BISMARCK ARC - NEW BRITAIN ARC / MANUS BACK-ARC BASIN / LOU / NORTH BISMARCK SEA / PACIFIC OCEAN,"ST ANDREW STRAIT ISLANDS, 1.7 KM E OF BAUN VILLAGE, SE COAST OF LOU ISLAND",-2.42,-2.42,147.38,147.38,SUBAERIAL,,,s 25 [5622],RHYOLITE [5622],,,,,,,,,VOLCANIC ROCK,,,,,WHOLE_ROCK [5622] ,343798.4425,1558.2839999999999,,71872.2858,,3357.12,11193.119999999999,,7218.47,2291.5519999999997,542.1206000000001,,34119.165,35905.8788,130.9263,,2100.,1200.,,1100.,,,,,,,,,,,,,,,,,,,,,,,,,,,,,,,,,,,,,,,,,0,23,,,,0,0,51,17,,,,,152,60,35,321,41,,,,,,,,,,,,2.7,791,41,84,8.9,31,5.6,1,5.7,0.96,6.3,1.3,4,,4.2,,8,,,,,,,,,,9,,13,3.2,,,,,,,,,,,,,,,,,,,,,,,,,125912,
[5622],CONVERGENT MARGIN,BISMARCK ARC - NEW BRITAIN ARC / MANUS BACK-ARC BASIN / LOU / NORTH BISMARCK SEA / PACIFIC OCEAN,"ST ANDREW STRAIT ISLANDS, SW COAST OF LOU ISLAND",-2.42,-2.42,147.38,147.38,SUBAERIAL,,,s 05 [5622],RHYOLITE [5622],,,,,,,,,VOLCANIC ROCK,,,,,WHOLE_ROCK [5622] ,335618.33,1738.0859999999998,,73565.88900000001,,1888.38,14069.130000000001,,9005.22,2713.68,464.6748,,36941.675,36721.9215,174.5684,,400.,1800.,,1600.,,,,,,,,,,,,,,,,,,,,,,,,,,,,,,,,,,,,,,,,,,,,,,,,,,,,,,,,,,,,,,,,,,,,,,,,,,,,,,,,,,,,,,,,,,,,,,,,,,,,,,,,,,,,,,,,,,,,,,,,,,,,125914,
[5622],CONVERGENT MARGIN,BISMARCK ARC - NEW BRITAIN ARC / MANUS BACK-ARC BASIN / LOU / NORTH BISMARCK SEA / PACIFIC OCEAN,"ST ANDREW STRAIT ISLANDS, 2 KM NW OF SOUTHERN TIP OF LOU ISLAND",-2.42,-2.42,147.38,147.38,SUBAERIAL,,,s 06 [5622],NOT GIVEN [5622],,,,,,,,,VOLCANIC ROCK,,,,,VOLCANIC GLASS [5622] ,335197.6385,1798.0199999999998,,74148.0651,,3007.42,14457.78,,8647.869999999999,2351.8559999999998,542.1206000000001,,33122.985,37389.5928,174.5684,,2100.,1000.,,1700.0000000000002,,,,,,,,,,,,,,,,,,,,,,,,,,,,,,,,,,,,,,,,,5,25,,,,0,0,55,16,,,,,138,69,38,426,47,,,,,,,,,,,,,831,40,87,,,,,,,,,,,,,,,,,,,,,,,9,,13,3,,,,,,,,,,,,,,,,,,,,,,,,,125915,
[5622],CONVERGENT MARGIN,BISMARCK ARC - NEW BRITAIN ARC / MANUS BACK-ARC BASIN / LOU / NORTH BISMARCK SEA / PACIFIC OCEAN,"ST ANDREW STRAIT ISLANDS, MONKOL POINT, SE COAST OF LOU ISLAND",-2.42,-2.42,147.38,147.38,SUBAERIAL,,,s 23 [5622],RHYOLITE [5622],,,,,,,,,VOLCANIC ROCK,,,,,WHOLE_ROCK [5622] ,331691.876,1798.0199999999998,,73142.4882,,4755.92,18888.390000000003,,9076.69,2231.248,774.4580000000001,,29636.355,40282.8351,174.5684,,2700.,700.0000000000001,,3300.,,,,,,,,,,,,,,,,,,,,,,,,,,,,,,,,,,,,,,,,,0,24,,,,0,0,74,17,,,,,122,68,50,501,55,,,,,,,,,,,,,824,42,95,,,,,,,,,,,,,,,,,,,,,,,10,,12,3,,,,,,,,,,,,,,,,,,,,,,,,,125916,
[5622],CONVERGENT MARGIN,BISMARCK ARC - NEW BRITAIN ARC / MANUS BACK-ARC BASIN / LOU / NORTH BISMARCK SEA / PACIFIC OCEAN,"ST ANDREW STRAIT ISLANDS, SOUTHERN TIP OF LOU ISLAND",-2.42,-2.42,147.38,147.38,SUBAERIAL,,,s 19 [5622],RHYOLITE [5622],,,,,,,,,VOLCANIC ROCK,,,,,WHOLE_ROCK [5622] ,330009.11,2637.096,,74042.2149,,5805.0199999999995,19976.609999999997,,11077.85,2291.5519999999997,774.4580000000001,,27311.935,39763.5352,305.4947,,2000.,1100.,,2600.,,,,,,,,,,,,,,,,,,,,,,,,,,,,,,,,,,,,,,,,,0,25,,,,0,0,73,19,,,,,116,89,51,551,60,,,,,,,,,,,,,800,40,100,,,,,,,,,,,,,,,,,,,,,,,15,,13,2,,,,,,,,,,,,,,,,,,,,,,,,,125917,
[5622],CONVERGENT MARGIN,BISMARCK ARC - NEW BRITAIN ARC / MANUS BACK-ARC BASIN / PAM MANDIAN / NORTH BISMARCK SEA / PACIFIC OCEAN,"ST ANDREW STRAIT ISLANDS, NW COAST OF PAM MANDIAN",-2.5,-2.5,147.4,147.4,SUBAERIAL,,,s 56 [5622],RHYOLITE [5622],,,,,,,,,VOLCANIC ROCK,,,,,WHOLE_ROCK [5622] ,344499.59500000003,1798.0199999999998,,70919.634,,3636.88,11426.31,,6074.95,1386.992,464.6748,,36526.600000000006,34496.3505,87.2842,,3100.,1300.,,0,,,,,,,,,,,,,,,,,,,,,,,,,,,,,,,,,,,,,,,,,,,,,,,,,,,,,,,,,,,,,,,,,,,,,,,,,,,,,,,,,,,,,,,,,,,,,,,,,,,,,,,,,,,,,,,,,,,,,,,,,,,,125919,
[5622],CONVERGENT MARGIN,BISMARCK ARC - NEW BRITAIN ARC / MANUS BACK-ARC BASIN / PAM LIN / NORTH BISMARCK SEA / PACIFIC OCEAN,"ST ANDREW STRAIT ISLANDS, SE COAST OF PAM LIN",-2.5,-2.5,147.4,147.4,SUBAERIAL,,,s 57A [5622],RHYOLITE [5622],,,,,,,,,VOLCANIC ROCK,,,,,WHOLE_ROCK [5622] ,343517.9815,1318.548,,69649.43160000001,,3287.18,11115.39,,6217.89,603.04,464.6748,,35032.329999999994,35386.57889999999,43.6421,,2300.,800.,,1100.,,,,,,,,,,,,,,,,,,,,,,,,,,,,,,,,,,,,,,,,,,,,,,,,,,,,,,,,,,,,,,,,,,,,,,,,,,,,,,,,,,,,,,,,,,,,,,,,,,,,,,,,,,,,,,,,,,,,,,,,,,,,125920,
[5622],CONVERGENT MARGIN,BISMARCK ARC - NEW BRITAIN ARC / MANUS BACK-ARC BASIN / PAM LIN / NORTH BISMARCK SEA / PACIFIC OCEAN,"ST ANDREW STRAIT ISLANDS, WESTERN COAST OF PAM LIN",-2.5,-2.5,147.4,147.4,SUBAERIAL,,,s 59 [5622],RHYOLITE [5622],,,,,,,,,VOLCANIC ROCK,,,,,WHOLE_ROCK [5622] ,344172.3905,1318.548,,70496.2332,,3636.88,10804.47,,6074.95,1748.8159999999998,464.6748,,35032.329999999994,35164.0218,87.2842,,2800.0000000000005,800.,,1900.,,,,,,,,,,,,,,,,,,,,,,,,,,,,,,,,,,,,,,,,,,,,,,,,,,,,,,,,,,,,,,,,,,,,,,3.3,,,,8.6,33,5.7,0.91,6.4,1,6.4,1.3,4,,4,,7.4,,,,,,,,,,,,,,,,,,,,,,,,,,,,,,,,,,,,,,125921,
[5622],CONVERGENT MARGIN,BISMARCK ARC - NEW BRITAIN ARC / MANUS BACK-ARC BASIN / BALUAN / NORTH BISMARCK SEA / PACIFIC OCEAN,"ST ANDREW STRAIT ISLANDS, SMALL ISLET OFF SONE VILLAGE, NW COAST OF BALUAN ISLAND",-2.55,-2.55,147.37,147.37,SUBAERIAL,,,s 39 [5622],BASALT [5622],,,,,,,,,VOLCANIC ROCK,,,,,WHOLE_ROCK [5622] ,229884.53300000002,7551.683999999999,,109343.25660000001,,14547.52,50913.15,,87693.69,23940.688,1239.1328,,4399.795,22478.267099999997,698.2736,,1700.0000000000002,1100.,,900.,,,,,,,,,,,,,,,,,,,,,,,,,,,,,,,,,,,,,,,,,175,47,,,,21,91,70,18,,,,,11,328,19,88,13,,,,,,,,,,,,0.11,264,11,26,3.3,14,2.8,1.1,3.1,0.54,3.3,0.73,1.9,,1.6,,1.9,,,,,,,,,,8,,0.94,0.23,,,,,,,,,,,,,,,,,,,,,,,,,125923,
[5622],CONVERGENT MARGIN,BISMARCK ARC - NEW BRITAIN ARC / MANUS BACK-ARC BASIN / BALUAN / NORTH BISMARCK SEA / PACIFIC OCEAN,"ST ANDREW STRAIT ISLANDS, HEADLAND, 300 M N OF TWIN SCORIA PEAKS, W COAST OF BALUAN ISLAND",-2.55,-2.55,147.37,147.37,SUBAERIAL,,,s 42 [5622],BASALT [5622],,,,,,,,,VOLCANIC ROCK,,,,,WHOLE_ROCK [5622] ,235119.805,9769.241999999998,,80552.0022,,14477.579999999998,74776.26,,75329.37999999999,34916.015999999996,1626.3618,,6558.185,23591.0526,872.8420000000001,,1400.0000000000002,1400.0000000000002,,600.,,,,,,,,,,,,,,,,,,,,,,,,,,,,,,,,,,,,,,,,,274,31,,,,16,75,89,18,,,,,26,289,25,123,20,,,,,,,,,,,,0.46,355,13,31,3.8,17,3.9,1.5,4.2,0.72,4.6,0.92,2.6,,2.6,,2.6,,,,,,,,,,10,,1.5,0.36,,,,,,,,,,,,,,,,,,,,,,,,,125924,
[5622],CONVERGENT MARGIN,BISMARCK ARC - NEW BRITAIN ARC / MANUS BACK-ARC BASIN / BALUAN / NORTH BISMARCK SEA / PACIFIC OCEAN,"ST ANDREW STRAIT ISLANDS, HEADLAND IMMEDIATELY S OF TWIN SCORIA PEAKS, W COAST OF BALUAN ISLAND",-2.55,-2.55,147.37,147.37,SUBAERIAL,,,s 43 [5622],BASALT [5622],,,,,,,,,VOLCANIC ROCK,,,,,WHOLE_ROCK [5622] ,227921.306,7491.75,,95953.2063,,15666.560000000001,53866.89,,90123.67,35519.056,1316.5786,,3984.72,19659.210499999997,698.2736,,2200.,2000.,,200.,,,,,,,,,,,,,,,,,,,,,,,,,,,,,,,,,,,,,,,,,215,91,,,,34,66,71,16,,,,,12,300,20,89,14,,,,,,,,,,,,,252,2,16,,,,,,,,,,,,,,,,,,,,,,,9,,2,1,,,,,,,,,,,,,,,,,,,,,,,,,125925,
[5622],CONVERGENT MARGIN,BISMARCK ARC - NEW BRITAIN ARC / MANUS BACK-ARC BASIN / BALUAN / NORTH BISMARCK SEA / PACIFIC OCEAN,"ST ANDREW STRAIT ISLANDS, 1.5 KM ENE OF BUBANIN VILLAGE, SE COAST",-2.55,-2.55,147.37,147.37,SUBAERIAL,,,s 45 [5622],BASALT [5622],,,,,,,,,VOLCANIC ROCK,,,,,WHOLE_ROCK [5622] ,226892.94900000002,6592.74,,107332.10280000001,,12799.02,48270.33,,92339.24,27920.751999999997,1161.687,,4482.81,20252.696099999997,567.3473,,1500.,1000.,,200.,,,,,,,,,,,,,,,,,,,,,,,,,,,,,,,,,,,,,,,,,172,56,,,,23,65,63,19,,,,,13,324,17,81,12,,,,,,,,,,,,,256,3,9,,,,,,,,,,,,,,,,,,,,,,,9,,1,0,,,,,,,,,,,,,,,,,,,,,,,,,125926,
[5622],CONVERGENT MARGIN,BISMARCK ARC - NEW BRITAIN ARC / MANUS BACK-ARC BASIN / FEDARB ISLANDS / NORTH BISMARCK SEA / PACIFIC OCEAN,"ST ANDREW STRAIT ISLANDS, SW COAST OF SIVISA",-2.42,-2.42,147.42,147.42,SUBAERIAL,,,s 68D [5622],BASALT [5622],,,,,,,,,VOLCANIC ROCK,,,,,WHOLE_ROCK [5622] ,238251.6195,4375.182,,97170.4836,,17694.82,40186.409999999996,,87765.15999999999,39860.944,1161.687,,2490.45,17433.6395,480.0631,,1400.0000000000002,800.,,0,,,,,,,,,,,,,,,,,,,,,,,,,,,,,,,,,,,,,,,,,172,145,,,,70,87,59,17,,,,,5,357,13,32,4,,,,,,,,,,,,0.12,88,5,11,1.4,5.9,1.2,0.53,1.6,0.27,1.7,0.35,0.97,,0.92,,0.99,,,,,,,,,,19,,0.52,0.22,,,,,,,,,,,,,,,,,,,,,,,,,125928,
[5622],CONVERGENT MARGIN,BISMARCK ARC - NEW BRITAIN ARC / MANUS BACK-ARC BASIN / FEDARB ISLANDS / NORTH BISMARCK SEA / PACIFIC OCEAN,"ST ANDREW STRAIT ISLANDS, SMALL SIVISA",-2.42,-2.42,147.42,147.42,SUBAERIAL,,,s 67 [5622],DACITE [5622],,,,,,,,,VOLCANIC ROCK,,,,,WHOLE_ROCK [5622] ,317388.36500000005,4854.654,,79070.0994,,11190.400000000001,16711.95,,21441,7417.392,1161.687,,12037.175,43917.9344,960.1262,,1700.0000000000002,1100.,,200.,,,,,,,,,,,,,,,,,,,,,,,,,,,,,,,,,,,,,,,,,30,26,,,,0,25,91,17,,,,,19,427,31,156,9,,,,,,,,,,,,0.55,344,28,59,8.8,3.4,5.8,1.6,4.9,0.93,5.1,0.97,2.9,,2.8,,3.3,,,,,,,,,,17,,2.1,1.2,,,,,,,,,,,,,,,,,,,,,,,,,125930,
[2764],CONVERGENT MARGIN,BISMARCK ARC - NEW BRITAIN ARC / BISMARCK ARC - NEW BRITAIN ARC / NEW GUINEA / PACIFIC OCEAN,"NEAR BOBONI, ABOUT 3 MILES SW OF THE MOUTH OF DABI CREEK BETWEEN TAPIO BAY AND MAGABARA, CAPE VOGEL PENINSULA",-9.6667,-9.6667,149.8333,149.8333,SUBAERIAL,,,s LB107 [2764],NOT GIVEN [2764],,,,,,,,PORPHYRITIC [2764] ,VOLCANIC ROCK,,,,,WHOLE_ROCK [2764] ,252274.66950000002,1378.482,,37470.9708,,24199.239999999998,54022.35,,34234.13,96667.312,1626.3618,,2905.5249999999996,4451.142,261.8526,,43400.,17300.,,,,,,,,,,,,,,,,,,,,,,,,,,,,,,,,,,,,,,,,,,,,,,,,,,,,,,,,,,,,,,,,,,,,,,,,,,,,,,,,,,,,,,,,,,,,,,,,,,,,,,,,,,,,,,,,,,,,,,,,,,,,,,127761,
[2764],CONVERGENT MARGIN,BISMARCK ARC - NEW BRITAIN ARC / BISMARCK ARC - NEW BRITAIN ARC / NEW GUINEA / PACIFIC OCEAN,"NEAR BOBONI, ABOUT 3 MILES SW OF THE MOUTH OF DABI CREEK BETWEEN TAPIO BAY AND MAGABARA, CAPE VOGEL PENINSULA",-9.6667,-9.6667,149.8333,149.8333,SUBAERIAL,,,s LB105 [2764],NOT GIVEN [2764],,,,,,,,PORPHYRITIC [2764] ,VOLCANIC ROCK,,,,,WHOLE_ROCK [2764] ,252835.59150000004,1798.0199999999998,,44404.1589,,25528.1,50835.42,,39022.62,78576.112,1161.687,,3403.615,5563.9275,305.4947,,46600.,27000.,,,,,,,,,,,,,,,,,,,,,,,,,,,,,,,,,,,,,,,,,,,,,,,,,,,,,,,,,,,,,,,,,,,,,,,,,,,,,,,,,,,,,,,,,,,,,,,,,,,,,,,,,,,,,,,,,,,,,,,,,,,,,,127762,
[3055],CONVERGENT MARGIN,BISMARCK ARC - NEW BRITAIN ARC / BISMARCK ARC - NEW BRITAIN ARC / NEW BRITAIN / WITORI / PACIFIC OCEAN,"NORTHEAST FLANK OF WITORI, ON COAST",-5.5,-5.5,150.5,150.5,SUBAERIAL,1,1,s 138 [3055],DACITE [3055],,,,,,,,,VOLCANIC ROCK,,,,,WHOLE_ROCK [3055] ,309722.43100000004,2277.4919999999997,,77270.64600000001,,17415.06,17022.87,,31875.62,8321.952,1006.7954,,9380.695,27522.894699999997,567.3473,,,,,,,,,,,,,,,,23800.,,,,,,,,,,,,,,,,24,,,,,,,,,,,,17,,56,2,,,8,,14,70,16,,,,,14,310,19,48,,,,,,,,,,,,,,210,,,,,,,,,,,,,,,,,,,,,,,,,5.3,,,,,,,,,,,,,,,,,,,,,,,,,,,,12857-138,
[2626],CONVERGENT MARGIN,BISMARCK ARC - NEW BRITAIN ARC / BISMARCK ARC - NEW BRITAIN ARC / BOUGAINVILLE / MOUNT BAGANA / PACIFIC OCEAN,,-6.166,-6.166,155.183,155.183,SUBAERIAL,,,s 151 [2626],ANDESITE [2626],,,,,,,,,VOLCANIC ROCK,,,,,WHOLE_ROCK [2626] ,252414.90000000002,1618.218,,87326.41500000001,,30423.899999999998,35755.799999999996,,60034.8,27438.319999999996,,,13365.415,38576.564,,300.,,,,,,,,,,,,,,,,,,,,,,,,,,,,,,,,,,,,,,,,,,,27,,245,33,,,30,13,70,,,,,,,26,800,20,90,4.3,1.6,,,,0.25,,,1.4,0.14,,,0.26,260,10,21,2.6,14,2,0.78,2.6,0.5,,0.42,1.3,1.8,1.1,,1.3,,,,,,,,,,2.8,,1,0.38,,,,,,,,,,,,,,,,,,,,,,,,,129547,
[2626],CONVERGENT MARGIN,BISMARCK ARC - NEW BRITAIN ARC / BISMARCK ARC - NEW BRITAIN ARC / BOUGAINVILLE / MOUNT BAGANA / PACIFIC OCEAN,,-6.166,-6.166,155.183,155.183,SUBAERIAL,,,s 122 [2626],ANDESITE [2626],,,,,,,,,VOLCANIC ROCK,,,,,WHOLE_ROCK [2626] ,258024.12000000002,5394.0599999999995,,92089.674,,31822.699999999997,29926.05,,55031.9,22915.519999999997,,,13531.445,31899.851,,,,,,,,,,,,,,,,,,,,,,,,,,,,,,,,,,,,,,,,,,,,,21,,200,,,,23,7,56,,,,,,,24,810,20,90,4.8,0.78,,,,0.01,,,0.36,0.02,,,0.19,225,9.7,18,3,11,2.8,0.88,2.3,0.42,,0.59,2.2,0.28,1.4,,2.3,,,,,,,,,,3.1,,1.6,0.59,,,,,,,,,,,,,,,,,,,,,,,,,129549,
[2626],CONVERGENT MARGIN,BISMARCK ARC - NEW BRITAIN ARC / BISMARCK ARC - NEW BRITAIN ARC / BOUGAINVILLE / MOUNT BAGANA / PACIFIC OCEAN,,-6.166,-6.166,155.183,155.183,SUBAERIAL,,,s 149 [2626],ANDESITE [2626],,,,,,,,,VOLCANIC ROCK,,,,,WHOLE_ROCK [2626] ,263165.905,4255.313999999999,,91031.172,,45111.3,10571.28,,60392.149999999994,17789.68,,,12784.31,28932.423,,2400.,,,,,,,,,,,,,,,,,,,,,,,,,,,,,,,,,,,,,,,,,,,21,,175,33,,,22,8,37,,,,,,,24,750,20,105,,,,,,,,,,,,,,260,7.8,17,2.2,11,2.8,0.96,3.4,0.76,,0.51,1.8,0.32,1.8,,2.2,,,,,,,,,,1.7,,1.3,0.58,,,,,,,,,,,,,,,,,,,,,,,,,129550,
[2626],CONVERGENT MARGIN,BISMARCK ARC - NEW BRITAIN ARC / BISMARCK ARC - NEW BRITAIN ARC / BOUGAINVILLE / MOUNT BAGANA / PACIFIC OCEAN,,-6.166,-6.166,155.183,155.183,SUBAERIAL,,,s 148 [2626],ANDESITE [2626],,,,,,,,,VOLCANIC ROCK,,,,,WHOLE_ROCK [2626] ,264100.775,2397.36,,93677.427,,20632.300000000003,35755.799999999996,,56103.95,19900.319999999996,,,13863.505,30416.136999999995,,1500.,,,,,,,,,,,,,,,,,,,,,,,,,,,,,,,,,,,,,,,,,,,18,,180,,,,21,5,41,,,,,,,25,790,20,105,5.1,0.68,,,,,,,0.36,,,,0.22,280,9.9,18,2.4,16,3.1,0.88,2.2,0.35,,0.48,1.5,0.26,1.2,,1.9,,,,,,,,,,2,,0.98,0.33,,,,,,,,,,,,,,,,,,,,,,,,,129551,
[2626],CONVERGENT MARGIN,BISMARCK ARC - NEW BRITAIN ARC / BISMARCK ARC - NEW BRITAIN ARC / BOUGAINVILLE / PACIFIC OCEAN,BUIN AREA,-6.866,-6.866,155.7,155.7,SUBAERIAL,,,s 162 [2626],ANDESITE [2626],,,,,,,,,VOLCANIC ROCK,,,,,WHOLE_ROCK [2626] ,290744.57,3536.1059999999998,,86797.16399999999,,36368.8,4119.6900000000005,,42167.3,14171.44,,,15938.88,30416.136999999995,,3100.,,,,,,,,,,,,,,,,,,,,,,,,,,,,,,,,,,,,,,,,,,,15,,105,23,,,14,7,24,,,,,,,34,700,20,115,5.6,1.1,,,,0.18,,,1.2,0.27,,,0.58,350,8.7,14,2.6,11,2.2,0.73,2.6,0.56,,0.48,1.4,0.23,1.4,,2.4,,,,,,,,,0.06,4,,1.6,0.66,,,,,,,,,,,,,,,,,,,,,,,,,129554,
[2626],CONVERGENT MARGIN,BISMARCK ARC - NEW BRITAIN ARC / BISMARCK ARC - NEW BRITAIN ARC / BOUGAINVILLE / PACIFIC OCEAN,BUIN AREA,-6.866,-6.866,155.7,155.7,SUBAERIAL,,,s 1022 [2626],ANDESITE [2626],,,,,,,,,VOLCANIC ROCK,,,,,WHOLE_ROCK [2626] ,293081.74500000005,3775.8419999999996,,87855.66600000001,,27626.300000000003,4974.72,,45026.1,13266.880000000001,,,16187.925,30416.136999999995,,4100.,,,,,,,,,,,,,,,,,,,,,,,,,,,,,,,,,,,,,,,,,,,15,,95,19,,,13,7,42,,,,,,,35,710,20,110,4.3,6.8,,,,0.05,,,0.95,0.18,,,0.47,380,7.9,17,3.4,13,2.3,0.88,2.7,0.54,,0.51,1.4,0.21,1.4,,2.7,,,,,,,,,,2.8,,1.9,0.74,,,,,,,,,,,,,,,,,,,,,,,,,129555,
[5946],CONVERGENT MARGIN,BISMARCK ARC - NEW BRITAIN ARC / MANUS BACK-ARC BASIN / STATION RD 14 / PACIFIC OCEAN,EAST MANUS RIFTS,-3.528,-3.528,152.1733,152.1733,SUBAQUATIC,-1755,-1950,s 14A [5946],"ANDESITE, BASALTIC [5946]",,,,,,,,"VESICULAR, APHYRIC [5946] ",VOLCANIC ROCK,,,,,VOLCANIC GLASS [5946] ,249142.855,4015.578,,82563.156,,,,79284.59999999999,66467.1,29548.96,1084.2412000000002,,3569.645,21217.1102,610.9894,11750.,,,,,,70.,1710.0000000000002,,,,,,,20.,,,,,,,,,,,,,,,,,,,,,,,,,,,,,,,,,,,,,,,,,,,,,,,,,,,,,,,,,,,,,,,,,,,,,,,,,,,,,,,,,,,,,,,,,,,,,,,,,,,,,,,,,,,,,,,,,,129681,
[5946],CONVERGENT MARGIN,BISMARCK ARC - NEW BRITAIN ARC / MANUS BACK-ARC BASIN / STATION RD 14 / PACIFIC OCEAN,EAST MANUS RIFTS,-3.528,-3.528,152.1733,152.1733,SUBAQUATIC,-1755,-1950,s 14B [5946],"ANDESITE, BASALTIC [5946]",,,,,,,,"VESICULAR, APHYRIC [5946] ",VOLCANIC ROCK,,,,,VOLCANIC GLASS [5946] ,291212.005,4974.521999999999,,76741.395,,,,56198.79,36163.82,10794.416,1161.687,,8467.53,30564.5084,1047.4104,18130.,,,,,,80.,2890.,,,,,,,0,,,,,,,,,,,,,,,,,,,,,,,,,,,,,,,,,,,,,,,,,,,,,,,,,,,,,,,,,,,,,,,,,,,,,,,,,,,,,,,,,,,,,,,,,,,,,,,,,,,,,,,,,,,,,,,,,,129682,
