Citations,Tectonic Setting,Location,Location Comment,Latitude (Min),Latitude (Max),Longitude (Min),Longitude (Max),Land or Sea,Elevation (Min),Elevation (Max),Sample Name,Rock Name,"Age (a, Min)","Age (a, Max)",Geol,Age,Eruption Day,Eruption Month,Eruption Year,Rock Texture,Rock Type,Drill Depth (Min),Drill Depth (Max),Alteration,Mineral,Material,Si,Ti,B,Al,Cr,Fe3+,Fe2+,Fetot(2+),Ca,Mg,Mn,Ni,K,Na,P,H2O,H2OP,H2OM,H2Otot,CO2,CO,F,Cl,Cl2,OH,CH4,SO2,SO3,SO4,S,LOI,Volatiles,O,Others,HE(CCM/G),HE(CCMSTP/G),HE3(CCMSTP/G),HE3(AT/G),HE4(CCM/G),HE4(CCMSTP/G),HE4(AT/G),HE4(MOLE/G),HE4(NCC/G),HE(NCC/G),Li,Be,B,C,CO2,F,Na,Mg,Al,P,S,Cl,K,Ca,Sc,Ti,V,Cr,Mn,Fe,Co,Ni,Cu,Zn,Ga,Ge,As,Se,Br,Rb,Sr,Y,Zr,Nb,Mo,Ru,Rh,Pd,Ag,Cd,In,Sn,Sb,Te,I,Cs,Ba,La,Ce,Pr,Nd,Sm,Eu,Gd,Tb,Dy,Ho,Er,Tm,Yb,Lu,Hf,Ta,W,Re,Os,Ir,Pt,Au,Hg,Tl,Pb,Bi,Th,U,Nd143/Nd144,Nd143/Nd144 initial,e Nd,Sr87/Sr86,SR87_SR86_INI,PB206_PB204,PB206_PB204_INI,PB207_PB204,PB207_PB204_INI,PB208_PB204,PB208_PB204_INI,OS184_OS188,OS186_OS188,OS187_OS186,OS187_OS188,RE187_OS186,RE187_OS188,HF176_HF177,HE3_HE4,HE3_HE4(R/R(A)),HE4_HE3,HE4_HE3(R/R(A)),K40_AR40,AR40_K40,Unique Id,
[4684],CONVERGENT MARGIN,CASCADES / HIGH CASCADES / CALIFORNIA / MOUNT SHASTA / PACIFIC OCEAN,"STRATOCONE LAVA, SARGENTS RIDGE",41.4216,41.4216,-122.346,-122.346,SUBAERIAL,,,s 97-3 [4684],ANDESITE [4684],,,,,,,,,VOLCANIC ROCK,,,,,WHOLE_ROCK [4684] ,277048.7245,4734.786,,84150.909,,33920.899999999994,,,47884.9,29187.136,619.5664,,14859.685,27374.523299999997,1789.3261,,,,,,,,,,,,,,,,13899.999999999998,,,,,,,,,,,,,,,,,,,,,,,,,,,,,,,,,,,,,,,,,,,,,,,,,,,,,,,,,,,,,,,,,,,,,,,,,,,,,,,,,,,,,,,,,0.51285,,,0.70357,,,,,,,,,,,,,,,,,,,,,100003,
[4684],CONVERGENT MARGIN,CASCADES / HIGH CASCADES / CALIFORNIA / MOUNT SHASTA / PACIFIC OCEAN,HOTLUM,41.4065,41.4065,-122.1368,-122.1368,SUBAERIAL,,,s 83-44 [4684],ANDESITE [4684],,,,,,,,,VOLCANIC ROCK,,,,,WHOLE_ROCK [4684] ,291025.031,3655.9739999999997,,89602.1943,,13428.48,20520.72,,42810.53,21046.096,619.5664,,10210.845,34125.422,698.2736,,,,,,,,,,,,,,,,5500.,,,,,,,,,,,,,,,,,,,,,,,,,,,,,,104,68,,,,40,,73,,,,,,26,714,11,110,,,,,,,,,,,,,,354,,,,,,,,,,,,,,,,,,,,,,,,,,,,,0.512881,,,0.703245,,,,,,,,,,,,,,,,,,,,,100006,
[4684],CONVERGENT MARGIN,CASCADES / HIGH CASCADES / CALIFORNIA / MOUNT SHASTA / PACIFIC OCEAN,HOTLUM,41.419,41.419,-122.162,-122.162,SUBAERIAL,,,s 83-46 [4684],ANDESITE [4684],,,,,,,,,VOLCANIC ROCK,,,,,WHOLE_ROCK [4684] ,293923.128,3775.8419999999996,,91295.7975,,10910.640000000001,23163.54,,40094.670000000006,17126.336,697.0122,,10459.89,35386.57889999999,698.2736,,,,,,,,,,,,,,,,4400.,,,,,,,,,,,,,,,,,,,,,,,,,,,,,,82,33,,,,23,,73,,,,,,29,557,12,105,,,,,,,,,,,,,,385,,,,,,,,,,,,,,,,,,,,,,,,,,,,,0.51283,,,0.703681,,,,,,,,,,,,,,,,,,,,,100007,
[4684],CONVERGENT MARGIN,CASCADES / HIGH CASCADES / CALIFORNIA / MOUNT SHASTA / PACIFIC OCEAN,HOTLUM,41.4105,41.4105,-122.1918,-122.1918,SUBAERIAL,,,s 83-54 [4684],DACITE [4684],,,,,,,,,VOLCANIC ROCK,,,,,WHOLE_ROCK [4684] ,298223.53,3536.1059999999998,,85421.11140000001,,18743.920000000002,13136.369999999999,,37950.57,18754.543999999998,619.5664,,13033.355000000001,34051.2363,567.3473,,,,,,,,,,,,,,,,7700.,,,,,,,,,,,,,,,,,,,,,,,,,,,,13,,116,67,,,30,18,19,58,,,,,,49,626,13,113,5,,,,,,,,,,,,3.6,398,12,24.8,3.16,11.8,2.47,0.84,2.39,0.36,2.11,0.42,1.17,0.18,1.22,0.19,3.11,,,,,,,,,,2.8,,3.76,1.71,0.512865,,,0.703327,,18.922,,15.588,,38.527,,,,,,,,,,,,,,,100008,
[4684],CONVERGENT MARGIN,CASCADES / HIGH CASCADES / CALIFORNIA / MOUNT SHASTA / PACIFIC OCEAN,HOTLUM,41.4106,41.4106,-122.1935,-122.1935,SUBAERIAL,,,s 83-55 [4684],ANDESITE [4684],,,,,,,,,VOLCANIC ROCK,,,,,WHOLE_ROCK [4684] ,291866.414,3775.8419999999996,,86585.4636,,14757.339999999998,20054.34,,42095.829999999994,21227.007999999998,619.5664,,11705.115,32048.222400000002,610.9894,,,,,,,,,,,,,,,,6100.,,,,,,,,,,,,,,,,,,,,,,,,,,,,,,103,63,,,,18,,72,,,,,,36,668,11,115,,,,,,,,,,,,,,392,,,,,,,,,,,,,,,,,,,,,,,,,,,,,0.512873,,,0.703281,,,,,,,,,,,,,,,,,,,,,100009,
[4684],CONVERGENT MARGIN,CASCADES / HIGH CASCADES / CALIFORNIA / MOUNT SHASTA / PACIFIC OCEAN,HOTLUM,41.4238,41.4238,-122.1736,-122.1736,SUBAERIAL,,,s 97-5 [4684],ANDESITE [4684],,,,,,,,,VOLCANIC ROCK,,,,,WHOLE_ROCK [4684] ,289108.54750000004,3835.776,,89655.11940000001,,32032.52,,,43024.939999999995,20865.183999999997,542.1206000000001,,10293.86,30712.879799999995,1003.7683000000001,,,,,,,,,,,,,,,,460000,,,,,,,,,,,,,,,,,,,,,,,,,,,,,,,,,,,,,,,,,,,,,,,,,,,,,,,,,,,,,,,,,,,,,,,,,,,,,,,,,,,,,,,,,0.512878,,,0.703127,,,,,,,,,,,,,,,,,,,,,100010,
[4703],CONVERGENT MARGIN,CASCADES / HIGH CASCADES / CALIFORNIA / MEDICINE LAKE VOLCANO / PACIFIC OCEAN,BASE OF SHIELD VOLCANO,41.883,41.883,-121.883,-121.883,SUBAERIAL,,2412,s 79.37I [4703],"ANDESITE, OLIVINE [4703]",,,,,,,,,VOLCANIC ROCK,,,,,WHOLE_ROCK [4703] ,256762.0455,6592.74,,90872.39670000001,,,,60707.13,57962.17,27317.712,1084.2412000000002,,7471.35,28264.7517,960.1262,,,,,,,,,,,,,,,,,,,,,,,,,,,,,,,,,,,,,,,,,,,,,,,,,,,,,,,,,,,,,,,,,,,,,,,,,,,,,,,,,,,,,,,,,,,,,,,,,,,,,,,,,,,,,,,,,,,,,,,,,,,,,,,,,101943,
[4703],CONVERGENT MARGIN,CASCADES / HIGH CASCADES / CALIFORNIA / MEDICINE LAKE VOLCANO / PACIFIC OCEAN,,41.58,41.58,-121.6,-121.6,SUBAERIAL,,,s 79.26 [4703],DACITE [4703],,,,,,,,SUBOPHITIC [4703] ,VOLCANIC ROCK,,,,,WHOLE_ROCK [4703] ,309114.7655,3895.71,,80710.7775,,,,31092,26944.19,12241.711999999998,542.1206000000001,,27643.995,28190.566,654.6315,,,,,,,,,,,,,,,,,,,,,,,,,,,,,,,,,,,,,,,,,,,,,,,,,,,,,,,,,,,,,,,,,,,,,,,,,,,,,,,,,,,,,,,,,,,,,,,,,,,,,,,,,,,,,,,,,,,,,,,,,,,,,,,,,101944,
[4703],CONVERGENT MARGIN,CASCADES / HIGH CASCADES / CALIFORNIA / MEDICINE LAKE VOLCANO / PACIFIC OCEAN,BASE OF SHIELD VOLCANO,41.883,41.883,-121.883,-121.883,SUBAERIAL,,2412,s 79.8A [4703],ANDESITE [4703],,,,,,,,,VOLCANIC ROCK,,,,,WHOLE_ROCK [4703] ,301028.1400000001,6113.268,,82298.53050000001,,,,39098.19,27015.66,8321.952,929.3496,,19342.495,37167.0357,1309.263,,,,,,,,,,,,,,,,,,,,,,,,,,,,,,,,,,,,,,,,,,,,,,,,,,,,,,,,,,,,,,,,,,,,,,,,,,,,,,,,,,,,,,,,,,,,,,,,,,,,,,,,,,,,,,,,,,,,,,,,,,,,,,,,,101945,
[4703],CONVERGENT MARGIN,CASCADES / HIGH CASCADES / CALIFORNIA / MEDICINE LAKE VOLCANO / PACIFIC OCEAN,BASE OF SHIELD VOLCANO,41.883,41.883,-121.883,-121.883,SUBAERIAL,,2412,s 79.9G [4703],"ANDESITE, OLIVINE [4703]",,,,,,,,SUBOPHITIC [4703] ,VOLCANIC ROCK,,,,,WHOLE_ROCK [4703] ,269523.021,8630.496,,87061.7895,,,,59385.719999999994,43596.7,16583.6,1084.2412000000002,,11124.01,35609.136,1483.8314,,,,,,,,,,,,,,,,,,,,,,,,,,,,,,,,,,,,,,,,,,,,,,,,,,,,,,,,,,,,,,,,,,,,,,,,,,,,,,,,,,,,,,,,,,,,,,,,,,,,,,,,,,,,,,,,,,,,,,,,,,,,,,,,,101946,
[4703],CONVERGENT MARGIN,CASCADES / HIGH CASCADES / CALIFORNIA / MEDICINE LAKE VOLCANO / PACIFIC OCEAN,,41.58,41.58,-121.6,-121.6,SUBAERIAL,,,s 79.3 [4703],BASALT [4703],,,,,,,,SUBOPHITIC [4703] ,VOLCANIC ROCK,,,,,WHOLE_ROCK [4703] ,234231.6785,6592.74,,110401.7586,,,,63660.869999999995,75329.37999999999,24483.423999999995,1006.7954,,3901.705,24258.7239,785.5577999999999,,,,,,,,,,,,,,,,,,,,,,,,,,,,,,,,,,,,,,,,,,,,,,,,,,,,,,,,,,,,,,,,,,,,,,,,,,,,,,,,,,,,,,,,,,,,,,,,,,,,,,,,,,,,,,,,,,,,,,,,,,,,,,,,,101947,
[4703],CONVERGENT MARGIN,CASCADES / HIGH CASCADES / CALIFORNIA / MEDICINE LAKE VOLCANO / MODOC FLOWS / PACIFIC OCEAN,LATEST FLOW IN MODOC LAVA BEDS,41.883,41.883,-121.883,-121.883,SUBAERIAL,,2412,s 80.26 [4703],"ANDESITE, BASALTIC [4703]",,,,,,,,SUBOPHITIC [4703] ,VOLCANIC ROCK,,,,,WHOLE_ROCK [4703] ,241944.356,5753.664,,88967.0931,,,,64360.439999999995,68325.32,42031.888,1084.2412000000002,,7554.365000000001,19362.467699999997,610.9894,,,,,,,,,,,,,,,,,,,,,,,,,,,,,,,,,,,,,,,,,,,,,,,,,,,,,,,,,,,,,,,,,,,,,,,,,,,,,,,,,,,,,,,,,,,,,,,,,,,,,,,,,,,,,,,,,,,,,,,,,,,,,,,,,101948,
[4703],CONVERGENT MARGIN,CASCADES / HIGH CASCADES / CALIFORNIA / MEDICINE LAKE VOLCANO / MODOC FLOWS / PACIFIC OCEAN,LATEST FLOW IN MODOC LAVA BEDS,41.883,41.883,-121.883,-121.883,SUBAERIAL,,2412,s 79.24C [4703],"ANDESITE, BASALTIC [4703]",,,,,,,,SUBOPHITIC [4703] ,VOLCANIC ROCK,,,,,WHOLE_ROCK [4703] ,247460.089,4794.72,,98123.1354,,,,55499.219999999994,66395.62999999999,39499.119999999995,1006.7954,,5894.065,23294.3098,698.2736,,,,,,,,,,,,,,,,,,,,,,,,,,,,,,,,,,,,,,,,,,,,,,,,,,,,,,,,,,,,,,,,,,,,,,,,,,,,,,,,,,,,,,,,,,,,,,,,,,,,,,,,,,,,,,,,,,,,,,,,,,,,,,,,,101949,
[4703],CONVERGENT MARGIN,CASCADES / HIGH CASCADES / CALIFORNIA / MEDICINE LAKE VOLCANO / MODOC FLOWS / PACIFIC OCEAN,LATEST FLOW IN MODOC LAVA BEDS,41.883,41.883,-121.883,-121.883,SUBAERIAL,,2412,s 79.38K [4703],"ANDESITE, BASALTIC [4703]",,,,,,,,SUBOPHITIC [4703] ,VOLCANIC ROCK,,,,,WHOLE_ROCK [4703] ,253349.77000000002,5573.862,,92513.0748,,,,58919.340000000004,61964.49,34071.76,929.3496,,8218.485,24629.6524,741.9157,,,,,,,,,,,,,,,,,,,,,,,,,,,,,,,,,,,,,,,,,,,,,,,,,,,,,,,,,,,,,,,,,,,,,,,,,,,,,,,,,,,,,,,,,,,,,,,,,,,,,,,,,,,,,,,,,,,,,,,,,,,,,,,,,101950,
[4703],CONVERGENT MARGIN,CASCADES / HIGH CASCADES / CALIFORNIA / MEDICINE LAKE VOLCANO / MODOC FLOWS / PACIFIC OCEAN,LATEST FLOW IN MODOC LAVA BEDS,41.883,41.883,-121.883,-121.883,SUBAERIAL,,2412,s 79.40G [4703],"ANDESITE, BASALTIC [4703]",,,,,,,,SUBOPHITIC [4703] ,VOLCANIC ROCK,,,,,WHOLE_ROCK [4703] ,241149.71650000004,5813.597999999999,,88808.3178,,,,65370.93,71041.18,43177.664,1161.687,,6973.259999999999,20475.2532,698.2736,,,,,,,,,,,,,,,,,,,,,,,,,,,,,,,,,,,,,,,,,,,,,,,,,,,,,,,,,,,,,,,,,,,,,,,,,,,,,,,,,,,,,,,,,,,,,,,,,,,,,,,,,,,,,,,,,,,,,,,,,,,,,,,,,101951,
[4703],CONVERGENT MARGIN,CASCADES / HIGH CASCADES / CALIFORNIA / MEDICINE LAKE VOLCANO / MODOC FLOWS / PACIFIC OCEAN,LATEST FLOW IN MODOC LAVA BEDS,41.883,41.883,-121.883,-121.883,SUBAERIAL,,2412,s 79.4D [4703],"ANDESITE, BASALTIC [4703]",,,,,,,,SUBOPHITIC [4703] ,VOLCANIC ROCK,,,,,WHOLE_ROCK [4703] ,263212.6485,3955.644,,88279.0668,,,,49514.01,60249.21,37750.304,929.3496,,12120.19,20252.696099999997,392.77889999999996,,,,,,,,,,,,,,,,,,,,,,,,,,,,,,,,,,,,,,,,,,,,,,,,,,,,,,,,,,,,,,,,,,,,,,,,,,,,,,,,,,,,,,,,,,,,,,,,,,,,,,,,,,,,,,,,,,,,,,,,,,,,,,,,,101952,
[4703],CONVERGENT MARGIN,CASCADES / HIGH CASCADES / CALIFORNIA / MEDICINE LAKE VOLCANO / MODOC FLOWS / PACIFIC OCEAN,LATEST FLOW IN MODOC LAVA BEDS,41.883,41.883,-121.883,-121.883,SUBAERIAL,,2412,s 79.39B [4703],"ANDESITE, BASALTIC [4703]",,,,,,,,SUBOPHITIC [4703] ,VOLCANIC ROCK,,,,,WHOLE_ROCK [4703] ,267139.10250000004,7012.277999999999,,84838.93530000001,,,,52700.94,51958.689999999995,25870.415999999997,851.9038,,15108.730000000001,24703.8381,2269.3892,,,,,,,,,,,,,,,,,,,,,,,,,,,,,,,,,,,,,,,,,,,,,,,,,,,,,,,,,,,,,,,,,,,,,,,,,,,,,,,,,,,,,,,,,,,,,,,,,,,,,,,,,,,,,,,,,,,,,,,,,,,,,,,,,101953,
[4703],CONVERGENT MARGIN,CASCADES / HIGH CASCADES / CALIFORNIA / MEDICINE LAKE VOLCANO / MODOC FLOWS / PACIFIC OCEAN,LATEST FLOW IN MODOC LAVA BEDS,41.883,41.883,-121.883,-121.883,SUBAERIAL,,2412,s 79.35D [4703],BASALT [4703],,,,,,,,SUBOPHITIC [4703] ,VOLCANIC ROCK,,,,,WHOLE_ROCK [4703] ,222873.008,4255.313999999999,,93889.1274,,,,68013.75,83905.78,56384.24,1239.1328,,747.135,17062.711,261.8526,,,,,,,,,,,,,,,,,,,,,,,,,,,,,,,,,,,,,,,,,,,,,,,,,,,,,,,,,,,,,,,,,,,,,,,,,,,,,,,,,,,,,,,,,,,,,,,,,,,,,,,,,,,,,,,,,,,,,,,,,,,,,,,,,101954,
[4703],CONVERGENT MARGIN,CASCADES / HIGH CASCADES / CALIFORNIA / MEDICINE LAKE VOLCANO / PACIFIC OCEAN,GLASS MOUNTAIN DOME,41.58,41.58,-121.6,-121.6,SUBAERIAL,,,s 79.23A [4703],RHYOLITE [4703],,,,,,,,SUBOPHITIC [4703] ,VOLCANIC ROCK,,,,,WHOLE_ROCK [4703] ,346743.28300000005,1618.218,,72242.76150000001,,,,13058.64,8862.28,301.52,154.8916,,36692.63,30193.5799,174.5684,,,,,,,,,,,,,,,,,,,,,,,,,,,,,,,,,,,,,,,,,,,,,,,,,,,,,,,,,,,,,,,,,,,,,,,,,,,,,,,,,,,,,,,,,,,,,,,,,,,,,,,,,,,,,,,,,,,,,,,,,,,,,,,,,101955,
[4446],CONVERGENT MARGIN,CASCADES / HIGH CASCADES / CALIFORNIA / LASSEN VOLCANIC CENTER / PACIFIC OCEAN,"HAT CREEK, AT BASE OF 12 M HIGH CLIFF IN COLLAPSE CRATER",40.5,40.5,-121.085,-121.085,SUBAERIAL,,,s HC4-0 [4446],BASALT [4446],,,,,,,,COARSELY CRYSTALLINE [4446] ,VOLCANIC ROCK,,,,,WHOLE_ROCK [4446] ,230912.89,5993.4,,92089.674,,9791.599999999999,60629.4,,75758.2,52464.479999999996,1626.3618,,3320.6000000000004,19288.282,741.9157,,3500.,200.,,,,,,,,,,,,,,,,,,,,,,,,,,,,,,,,,,,,,,,,,,,,,,,,,,,,,,,,,,,,6.9,,,,,,,,,,,,,,,,,,,,,,,,,,,,,,,,,,,,,,,,,,,,,,,,,,,,,,,,,,,,,,,,,,102260,
[4446],CONVERGENT MARGIN,CASCADES / HIGH CASCADES / CALIFORNIA / LASSEN VOLCANIC CENTER / PACIFIC OCEAN,"HAT CREEK, AT BASE OF 12 M HIGH CLIFF IN COLLAPSE CRATER",40.5,40.5,-121.085,-121.085,SUBAERIAL,,,s HC4-0G [4446],BASALT [4446],,,,,,,,,VOLCANIC ROCK,,,,,VOLCANIC GLASS [4446] ,336553.2,4195.379999999999,,62451.61800000001,,,,15546,2858.8,1206.08,,,39017.05,28190.566,436.42100000000005,,,,,,,,,,,,,,,,,,,,,,,,,,,,,,,,,,,,,,,,,,,,,,,,,,,,,,,,,,,,,,,,,,,,,,,,,,,,,,,,,,,,,,,,,,,,,,,,,,,,,,,,,,,,,,,,,,,,,,,,,,,,,,,,,102261,
[4446],CONVERGENT MARGIN,CASCADES / HIGH CASCADES / CALIFORNIA / LASSEN VOLCANIC CENTER / PACIFIC OCEAN,"HAT CREEK, 3M ABOVE THE BASE OF 12 M HIGH CLIFF IN COLLAPSE CRATER",40.5,40.5,-121.085,-121.085,SUBAERIAL,,,s HC4-6 [4446],BASALT [4446],,,,,,,,,VOLCANIC ROCK,,,,,WHOLE_ROCK [4446] ,252414.90000000002,16182.18,,72507.387,,74136.4,15546,,45740.8,21709.44,1858.6992,,10791.95,26706.852,2313.0313,,15000.,0,,,,,,,,,,,,,,,,,,,,,,,,,,,,,,,,,,,,,,,,,,,,,,,,,,,,,,,,,,,,27,,,,,,,,,,,,,,,,,,,,,,,,,,,,,,,,,,,,,,,,,,,,,,,,,,,,,,,,,,,,,,,,,,102262,
[4446],CONVERGENT MARGIN,CASCADES / HIGH CASCADES / CALIFORNIA / LASSEN VOLCANIC CENTER / PACIFIC OCEAN,"HAT CREEK, ON TOP OF PAHOEHOE SURFACE 100M NORTH OF ROAD IN SOUTHWEST",40.5,40.5,-121.085,-121.085,SUBAERIAL,,,s HC7-2G [4446],BASALT [4446],,,,,,,,,VOLCANIC ROCK,,,,,VOLCANIC GLASS [4446] ,228108.28,7192.079999999999,,87326.41500000001,,,,81616.5,76472.9,48243.2,,,2158.39,21513.853,523.7052,,,,,,,,,,,,,,,,,,,,,,,,,,,,,,,,,,,,,,,,,,,,,,,,,,,,,,,,,,,,,,,,,,,,,,,,,,,,,,,,,,,,,,,,,,,,,,,,,,,,,,,,,,,,,,,,,,,,,,,,,,,,,,,,,102264,
[4446],CONVERGENT MARGIN,CASCADES / HIGH CASCADES / CALIFORNIA / LASSEN VOLCANIC CENTER / PACIFIC OCEAN,"HAT CREEK, BASAL SEGREGATION PLASTER IN SOUTHEAST WALL OF CRACK IN PRESSURE RIDGE",40.5,40.5,-121.085,-121.085,SUBAERIAL,,,s HC7-1 [4446],BASALT [4446],,,,,,,,,VOLCANIC ROCK,,,,,WHOLE_ROCK [4446] ,237456.98,9589.44,,73036.638,,31473.,57520.200000000004,,80046.4,36182.399999999994,2013.5908,,3735.675,22997.567,1091.0525,,5400.,900.,,,,,,,,,,,,,,,,,,,,,,,,,,,,,,,,,,,,,,,,,,,,,,,,,,,,,,,,,,,,8,,,,,,,,,,,,,,,,,,,,,,,,,,,,,,,,,,,,,,,,,,,,,,,,,,,,,,,,,,,,,,,,,,102265,
[4446],CONVERGENT MARGIN,CASCADES / HIGH CASCADES / CALIFORNIA / LASSEN VOLCANIC CENTER / PACIFIC OCEAN,"HAT CREEK, 1 M ABOVE BASAL SEGREGATION PLASTER IN SOUTHEAST WALL OF CRACK IN PRESSURE RIDGE",40.5,40.5,-121.085,-121.085,SUBAERIAL,,,s HC7-6G [4446],BASALT [4446],,,,,,,,,VOLCANIC ROCK,,,,,VOLCANIC GLASS [4446] ,314583.755,17380.859999999997,,66685.626,,,,41974.200000000004,26443.9,4824.32,,,24904.5,20771.996,5237.052,,,,,,,,,,,,,,,,,,,,,,,,,,,,,,,,,,,,,,,,,,,,,,,,,,,,,,,,,,,,,,,,,,,,,,,,,,,,,,,,,,,,,,,,,,,,,,,,,,,,,,,,,,,,,,,,,,,,,,,,,,,,,,,,,102267,
[4768],CONVERGENT MARGIN,CASCADES / HIGH CASCADES / OREGON / MOUNT ST. HELENS / CASTLE CREEK FLOWS / PACIFIC OCEAN,,46.2,46.2,-122.18,-122.18,SUBAERIAL,,,s 32281-4C [4768],GABBRO [4768],,,,QUATERNARY [4768],,,,,PLUTONIC ROCK,,,,,WHOLE_ROCK [4768] ,236054.67500000002,8870.232,,95794.43100000001,,82529.20000000001,,,63465.36000000001,31719.903999999995,1084.2412000000002,,1826.33,26113.3664,392.77889999999996,,,,,,,,,,,,,,,,,,,,,,,,,,,,,,,,,,,,,,,,,,,,,,,,,,,,,,,,,,,,,,,,,,,,,,,,,,,,,,,,,,,,,,,,,,,,,,,,,,,,,,,,,,,,,,,,,,,,,,,,,,,,,,,,,105907,
[4768],CONVERGENT MARGIN,CASCADES / HIGH CASCADES / OREGON / MOUNT ST. HELENS / CASTLE CREEK FLOWS / PACIFIC OCEAN,,46.2,46.2,-122.18,-122.18,SUBAERIAL,,,s 70381-1C [4768],GABBRO [4768],,,,QUATERNARY [4768],,,,,PLUTONIC ROCK,,,,,WHOLE_ROCK [4768] ,245403.37500000003,8210.958,,98969.937,,67562.04000000001,,,61392.729999999996,28222.271999999997,1006.7954,,4233.765,27819.637499999997,567.3473,,,,,,,,,,,,,,,,,,,,,,,,,,,,,,,,,,,,,,,,,,,,,,,,,,,,,,,,,,,,,,,,,,,,,,,,,,,,,,,,,,,,,,,,,,,,,,,,,,,,,,,,,,,,,,,,,,,,,,,,,,,,,,,,,105908,
[4768],CONVERGENT MARGIN,CASCADES / HIGH CASCADES / OREGON / MOUNT ST. HELENS / CASTLE CREEK FLOWS / PACIFIC OCEAN,,46.2,46.2,-122.18,-122.18,SUBAERIAL,,,s 32181-1K [4768],GABBRO [4768],,,,QUATERNARY [4768],,,,,PLUTONIC ROCK,,,,,WHOLE_ROCK [4768] ,234184.93500000003,9109.967999999999,,93677.427,,85326.79999999999,,,65752.4,33106.896,1161.687,,1743.3149999999998,24703.8381,305.4947,,,,,,,,,,,,,,,,,,,,,,,,,,,,,,,,,,,,,,,,,,,,,,,,,,,,,,,,,,,,,,,,,,,,,,,,,,,,,,,,,,,,,,,,,,,,,,,,,,,,,,,,,,,,,,,,,,,,,,,,,,,,,,,,,105909,
[4768],CONVERGENT MARGIN,CASCADES / HIGH CASCADES / OREGON / MOUNT ST. HELENS / CASTLE CREEK FLOWS / PACIFIC OCEAN,,46.2,46.2,-122.18,-122.18,SUBAERIAL,,,s 41881-77C [4768],GABBRO [4768],,,,QUATERNARY [4768],,,,,PLUTONIC ROCK,,,,,WHOLE_ROCK [4768] ,231847.76000000004,11447.393999999998,,97382.184,,69590.29999999999,,,78617,32142.032,1084.2412000000002,,1826.33,22997.567,1614.7576999999999,,,,,,,,,,,,,,,,,,,,,,,,,,,,,,,,,,,,,,,,,,,,,,,,,,,,,,,,,,,,,,,,,,,,,,,,,,,,,,,,,,,,,,,,,,,,,,,,,,,,,,,,,,,,,,,,,,,,,,,,,,,,,,,,,105910,
[4768],CONVERGENT MARGIN,CASCADES / HIGH CASCADES / OREGON / MOUNT ST. HELENS / CASTLE CREEK FLOWS / PACIFIC OCEAN,,46.2,46.2,-122.18,-122.18,SUBAERIAL,,,s 41881-80R [4768],GABBRO [4768],,,,QUATERNARY [4768],,,,,PLUTONIC ROCK,,,,,WHOLE_ROCK [4768] ,234184.93500000003,5453.994,,104791.698,,58539.77999999999,,,82190.5,37569.392,1006.7954,,1743.3149999999998,20104.324699999997,218.21050000000002,,,,,,,,,,,,,,,,,,,,,,,,,,,,,,,,,,,,,,,,,,,,,,,,,,,,,,,,,,,,,,,,,,,,,,,,,,,,,,,,,,,,,,,,,,,,,,,,,,,,,,,,,,,,,,,,,,,,,,,,,,,,,,,,,105911,
[4768],CONVERGENT MARGIN,CASCADES / HIGH CASCADES / OREGON / MOUNT ST. HELENS / CASTLE CREEK FLOWS / PACIFIC OCEAN,,46.2,46.2,-122.18,-122.18,SUBAERIAL,,,s 70381-2M [4768],GABBRO [4768],,,,QUATERNARY [4768],,,,,PLUTONIC ROCK,,,,,WHOLE_ROCK [4768] ,238859.28500000003,8690.429999999998,,104791.698,,63155.81999999999,,,70112.07,30091.696,1161.687,,1494.27,24481.281,785.5577999999999,,,,,,,,,,,,,,,,,,,,,,,,,,,,,,,,,,,,,,,,,,,,,,,,,,,,,,,,,,,,,,,,,,,,,,,,,,,,,,,,,,,,,,,,,,,,,,,,,,,,,,,,,,,,,,,,,,,,,,,,,,,,,,,,,105912,
[4768],CONVERGENT MARGIN,CASCADES / HIGH CASCADES / OREGON / MOUNT ST. HELENS / CASTLE CREEK FLOWS / PACIFIC OCEAN,,46.2,46.2,-122.18,-122.18,SUBAERIAL,,,s 81881-69D [4768],GABBRO [4768],,,,QUATERNARY [4768],,,,,PLUTONIC ROCK,,,,,WHOLE_ROCK [4768] ,246805.68,8330.826,,98969.937,,65743.6,,,63036.54,28584.096,1006.7954,,3154.57,25742.4379,960.1262,,,,,,,,,,,,,,,,,,,,,,,,,,,,,,,,,,,,,,,,,,,,,,,,,,,,,,,,,,,,,,,,,,,,,,,,,,,,,,,,,,,,,,,,,,,,,,,,,,,,,,,,,,,,,,,,,,,,,,,,,,,,,,,,,105913,
[4768],CONVERGENT MARGIN,CASCADES / HIGH CASCADES / OREGON / MOUNT ST. HELENS / CASTLE CREEK FLOWS / PACIFIC OCEAN,,46.2,46.2,-122.18,-122.18,SUBAERIAL,,,s 1X [4768],GABBRO [4768],,,,QUATERNARY [4768],,,,,PLUTONIC ROCK,,,,,WHOLE_ROCK [4768] ,234184.93500000003,5513.928,,98440.68600000002,,67701.92,,,78545.53,40705.2,1161.687,,1826.33,19510.839099999997,,,,,,,,,,,,,,,,,,,,,,,,,,,,,,,,,,,,,,,,,,,,,,,,,,,,,,,,,,,,,,,,,,,,,,,,,,,,,,,,,,,,,,,,,,,,,,,,,,,,,,,,,,,,,,,,,,,,,,,,,,,,,,,,,,105914,
[4768],CONVERGENT MARGIN,CASCADES / HIGH CASCADES / OREGON / MOUNT ST. HELENS / CASTLE CREEK FLOWS / PACIFIC OCEAN,,46.2,46.2,-122.18,-122.18,SUBAERIAL,,,s 62A [4768],GABBRO [4768],,,,QUATERNARY [4768],,,,,PLUTONIC ROCK,,,,,WHOLE_ROCK [4768] ,248675.42000000004,7072.2119999999995,,103203.945,,62386.479999999996,,,59177.159999999996,30272.607999999997,1161.687,,2241.405,26113.3664,,,,,,,,,,,,,,,,,,,,,,,,,,,,,,,,,,,,,,,,,,,,,,,,,,,,,,,,,,,,,,,,,,,,,,,,,,,,,,,,,,,,,,,,,,,,,,,,,,,,,,,,,,,,,,,,,,,,,,,,,,,,,,,,,,105915,
[4768],CONVERGENT MARGIN,CASCADES / HIGH CASCADES / OREGON / MOUNT ST. HELENS / CASTLE CREEK FLOWS / PACIFIC OCEAN,,46.2,46.2,-122.18,-122.18,SUBAERIAL,,,s 61881-84 [4768],GABBRO [4768],,,,QUATERNARY [4768],,,,,PLUTONIC ROCK,,,,,WHOLE_ROCK [4768] ,239326.72000000003,3775.8419999999996,,120139.977,,43432.74,,,77187.6,29548.96,929.3496,,1245.225,23442.6812,218.21050000000002,,,,,,,,,,,,,,,,,,,,,,,,,,,,,,,,,,,,,,,,,,,,,,,,,,,,,,,,,,,,,,,,,,,,,,,,,,,,,,,,,,,,,,,,,,,,,,,,,,,,,,,,,,,,,,,,,,,,,,,,,,,,,,,,,105916,
[4768],CONVERGENT MARGIN,CASCADES / HIGH CASCADES / OREGON / MOUNT ST. HELENS / CASTLE CREEK FLOWS / PACIFIC OCEAN,,46.2,46.2,-122.18,-122.18,SUBAERIAL,,,s 72881-30G [4768],GABBRO [4768],,,,QUATERNARY [4768],,,,,PLUTONIC ROCK,,,,,WHOLE_ROCK [4768] ,230445.45500000002,4075.512,,129137.24399999999,,37977.42,,,92911,19417.888,542.1206000000001,,664.12,20326.8818,218.21050000000002,,,,,,,,,,,,,,,,,,,,,,,,,,,,,,,,,,,,,,,,,,,,,,,,,,,,,,,,,,,,,,,,,,,,,,,,,,,,,,,,,,,,,,,,,,,,,,,,,,,,,,,,,,,,,,,,,,,,,,,,,,,,,,,,,105917,
[4768],CONVERGENT MARGIN,CASCADES / HIGH CASCADES / OREGON / MOUNT ST. HELENS / CASTLE CREEK FLOWS / PACIFIC OCEAN,,46.2,46.2,-122.18,-122.18,SUBAERIAL,,,s 90881-1 [4768],GABBRO [4768],,,,QUATERNARY [4768],,,,,PLUTONIC ROCK,,,,,WHOLE_ROCK [4768] ,229978.02000000002,3056.634,,140780.766,,29444.739999999998,,,99343.3,16462.992,309.7832,,830.1500000000001,19585.0248,218.21050000000002,,,,,,,,,,,,,,,,,,,,,,,,,,,,,,,,,,,,,,,,,,,,,,,,,,,,,,,,,,,,,,,,,,,,,,,,,,,,,,,,,,,,,,,,,,,,,,,,,,,,,,,,,,,,,,,,,,,,,,,,,,,,,,,,,105918,
[4768],CONVERGENT MARGIN,CASCADES / HIGH CASCADES / OREGON / MOUNT ST. HELENS / CASTLE CREEK FLOWS / PACIFIC OCEAN,,46.2,46.2,-122.18,-122.18,SUBAERIAL,,,s 111880 [4768],GABBRO [4768],,,,QUATERNARY [4768],,,,,PLUTONIC ROCK,,,,,WHOLE_ROCK [4768] ,244468.505,1558.2839999999999,,128078.742,,24758.760000000002,,,97199.2,19176.672,542.1206000000001,,1079.195,19733.3962,,,,,,,,,,,,,,,,,,,,,,,,,,,,,,,,,,,,,,,,,,,,,,,,,,,,,,,,,,,,,,,,,,,,,,,,,,,,,,,,,,,,,,,,,,,,,,,,,,,,,,,,,,,,,,,,,,,,,,,,,,,,,,,,,,105919,
[4768],CONVERGENT MARGIN,CASCADES / HIGH CASCADES / OREGON / MOUNT ST. HELENS / CASTLE CREEK FLOWS / PACIFIC OCEAN,,46.2,46.2,-122.18,-122.18,SUBAERIAL,,,s 70381-3S [4768],"GABBRO, OLIVINE [4768]",,,,QUATERNARY [4768],,,,,PLUTONIC ROCK,,,,,WHOLE_ROCK [4768] ,226705.975,5513.928,,88384.917,,77633.4,,,76472.9,53369.03999999999,1239.1328,,996.18,20549.4389,261.8526,,,,,,,,,,,,,,,,,,,,,,,,,,,,,,,,,,,,,,,,,,,,,,,,,,,,,,,,,,,,,,,,,,,,,,,,,,,,,,,,,,,,,,,,,,,,,,,,,,,,,,,,,,,,,,,,,,,,,,,,,,,,,,,,,105920,
[4768],CONVERGENT MARGIN,CASCADES / HIGH CASCADES / OREGON / MOUNT ST. HELENS / CASTLE CREEK FLOWS / PACIFIC OCEAN,,46.2,46.2,-122.18,-122.18,SUBAERIAL,,,s 81481-1 [4768],"GABBRO, OLIVINE [4768]",,,,QUATERNARY [4768],,,,,PLUTONIC ROCK,,,,,WHOLE_ROCK [4768] ,226705.975,5993.4,,91031.172,,64904.31999999999,,,70040.6,69952.64,2168.4824000000003,,1909.345,14837.14,349.1368,,,,,,,,,,,,,,,,,,,,,,,,,,,,,,,,,,,,,,,,,,,,,,,,,,,,,,,,,,,,,,,,,,,,,,,,,,,,,,,,,,,,,,,,,,,,,,,,,,,,,,,,,,,,,,,,,,,,,,,,,,,,,,,,,105921,
[4768],CONVERGENT MARGIN,CASCADES / HIGH CASCADES / OREGON / MOUNT ST. HELENS / CASTLE CREEK FLOWS / PACIFIC OCEAN,,46.2,46.2,-122.18,-122.18,SUBAERIAL,,,s 72881-1 [4768],"GABBRO, OLIVINE [4768]",,,,QUATERNARY [4768],,,,,PLUTONIC ROCK,,,,,WHOLE_ROCK [4768] ,228575.71500000003,2697.0299999999997,,98969.937,,57420.740000000005,,,87193.4,53730.863999999994,929.3496,,581.105,18027.1251,218.21050000000002,,,,,,,,,,,,,,,,,,,,,,,,,,,,,,,,,,,,,,,,,,,,,,,,,,,,,,,,,,,,,,,,,,,,,,,,,,,,,,,,,,,,,,,,,,,,,,,,,,,,,,,,,,,,,,,,,,,,,,,,,,,,,,,,,105922,
[4768],CONVERGENT MARGIN,CASCADES / HIGH CASCADES / OREGON / MOUNT ST. HELENS / CASTLE CREEK FLOWS / PACIFIC OCEAN,,46.2,46.2,-122.18,-122.18,SUBAERIAL,,,s 41881-80A [4768],"GABBRO, OLIVINE [4768]",,,,QUATERNARY [4768],,,,,PLUTONIC ROCK,,,,,WHOLE_ROCK [4768] ,221564.19,7611.6179999999995,,87855.66600000001,,79032.20000000001,,,68968.55,64525.27999999999,1239.1328,,1826.33,18991.5392,610.9894,,,,,,,,,,,,,,,,,,,,,,,,,,,,,,,,,,,,,,,,,,,,,,,,,,,,,,,,,,,,,,,,,,,,,,,,,,,,,,,,,,,,,,,,,,,,,,,,,,,,,,,,,,,,,,,,,,,,,,,,,,,,,,,,,105923,
[4768],CONVERGENT MARGIN,CASCADES / HIGH CASCADES / OREGON / MOUNT ST. HELENS / CASTLE CREEK FLOWS / PACIFIC OCEAN,,46.2,46.2,-122.18,-122.18,SUBAERIAL,,,s 41381-76G [4768],"NORITE, OLIVINE-HORNBLENDE [4768]",,,,QUATERNARY [4768],,,,,PLUTONIC ROCK,,,,,WHOLE_ROCK [4768] ,219227.015,5094.389999999999,,60334.614,,81829.79999999999,,,61964.49,109753.27999999998,1239.1328,,2656.48,13205.0546,610.9894,,,,,,,,,,,,,,,,,,,,,,,,,,,,,,,,,,,,,,,,,,,,,,,,,,,,,,,,,,,,,,,,,,,,,,,,,,,,,,,,,,,,,,,,,,,,,,,,,,,,,,,,,,,,,,,,,,,,,,,,,,,,,,,,,105924,
[4768],CONVERGENT MARGIN,CASCADES / HIGH CASCADES / OREGON / MOUNT ST. HELENS / CASTLE CREEK FLOWS / PACIFIC OCEAN,,46.2,46.2,-122.18,-122.18,SUBAERIAL,,,s 60581-83S [4768],"NORITE, OLIVINE-HORNBLENDE [4768]",,,,QUATERNARY [4768],,,,,PLUTONIC ROCK,,,,,WHOLE_ROCK [4768] ,222031.62500000003,4315.248,,52660.4745,,84627.4,,,59177.159999999996,118195.84,1394.0244,,1909.345,10460.1837,261.8526,,,,,,,,,,,,,,,,,,,,,,,,,,,,,,,,,,,,,,,,,,,,,,,,,,,,,,,,,,,,,,,,,,,,,,,,,,,,,,,,,,,,,,,,,,,,,,,,,,,,,,,,,,,,,,,,,,,,,,,,,,,,,,,,,105925,
[4768],CONVERGENT MARGIN,CASCADES / HIGH CASCADES / OREGON / MOUNT ST. HELENS / CASTLE CREEK FLOWS / PACIFIC OCEAN,,46.2,46.2,-122.18,-122.18,SUBAERIAL,,,s 82281-68H [4768],"NORITE, OLIVINE-HORNBLENDE [4768]",,,,QUATERNARY [4768],,,,,PLUTONIC ROCK,,,,,WHOLE_ROCK [4768] ,223901.36500000002,6412.938,,60863.865000000005,,81130.4,,,60820.97,101913.75999999998,1239.1328,,2988.54,14466.2115,567.3473,,,,,,,,,,,,,,,,,,,,,,,,,,,,,,,,,,,,,,,,,,,,,,,,,,,,,,,,,,,,,,,,,,,,,,,,,,,,,,,,,,,,,,,,,,,,,,,,,,,,,,,,,,,,,,,,,,,,,,,,,,,,,,,,,105926,
[4768],CONVERGENT MARGIN,CASCADES / HIGH CASCADES / OREGON / MOUNT ST. HELENS / CASTLE CREEK FLOWS / PACIFIC OCEAN,,46.2,46.2,-122.18,-122.18,SUBAERIAL,,,s 41881-77P [4768],GABBRO [4768],,,,QUATERNARY [4768],,,,,PLUTONIC ROCK,,,,,WHOLE_ROCK [4768] ,233717.50000000003,12406.337999999998,,88384.917,,87425.,,,69683.25,31840.512,1316.5786,,1577.285,24778.0238,218.21050000000002,,,,,,,,,,,,,,,,,,,,,,,,,,,,,,,,,,,,,,,,,,,,,,,,,,,,,,,,,,,,,,,,,,,,,,,,,,,,,,,,,,,,,,,,,,,,,,,,,,,,,,,,,,,,,,,,,,,,,,,,,,,,,,,,,105927,
[4768],CONVERGENT MARGIN,CASCADES / HIGH CASCADES / OREGON / MOUNT ST. HELENS / CASTLE CREEK FLOWS / PACIFIC OCEAN,,46.2,46.2,-122.18,-122.18,SUBAERIAL,,,s 30981-74G [4768],TROCTOLITE [4768],,,,QUATERNARY [4768],,,,PORPHYRITIC [4768] ,PLUTONIC ROCK,,,,,WHOLE_ROCK [4768] ,203801.66000000003,1258.6139999999998,,130724.997,,62386.479999999996,,,90766.9,51559.92,774.4580000000001,,664.12,8457.1698,523.7052,,,,,,,,,,,,,,,,,,,,,,,,,,,,,,,,,,,,,,,,,,,,,,,,,,,,,,,,,,,,,,,,,,,,,,,,,,,,,,,,,,,,,,,,,,,,,,,,,,,,,,,,,,,,,,,,,,,,,,,,,,,,,,,,,105928,
[4768],CONVERGENT MARGIN,CASCADES / HIGH CASCADES / OREGON / MOUNT ST. HELENS / CASTLE CREEK FLOWS / PACIFIC OCEAN,,46.2,46.2,-122.18,-122.18,SUBAERIAL,,,s 12581-1A [4768],"NORITE, HORNBLENDE [4768]",,,,QUATERNARY [4768],,,,,PLUTONIC ROCK,,,,,WHOLE_ROCK [4768] ,224368.80000000002,9050.034,,105320.949,,69940,,,79331.7,35096.928,697.0122,,2739.4950000000003,23145.9384,610.9894,,,,,,,,,,,,,,,,,,,,,,,,,,,,,,,,,,,,,,,,,,,,,,,,,,,,,,,,,,,,,,,,,,,,,,,,,,,,,,,,,,,,,,,,,,,,,,,,,,,,,,,,,,,,,,,,,,,,,,,,,,,,,,,,,105929,
[4768],CONVERGENT MARGIN,CASCADES / HIGH CASCADES / OREGON / MOUNT ST. HELENS / CASTLE CREEK FLOWS / PACIFIC OCEAN,,46.2,46.2,-122.18,-122.18,SUBAERIAL,,,s 41881-77R [4768],BASALT [4768],,,,QUATERNARY [4768],,,,,VOLCANIC ROCK,,,,,WHOLE_ROCK [4768] ,228108.28,8990.099999999999,,97382.184,,76234.6,,,82905.2,36483.92,1626.3618,,2407.435,16543.411099999998,610.9894,,,,,,,,,,,,,,,,,,,,,,,,,,,,,,,,,,,,,,,,,,,,,,,,,,,,,,,,,,,,,,,,,,,,,,,,,,,,,,,,,,,,,,,,,,,,,,,,,,,,,,,,,,,,,,,,,,,,,,,,,,,,,,,,,105930,
[4768],CONVERGENT MARGIN,CASCADES / HIGH CASCADES / OREGON / MOUNT ST. HELENS / CASTLE CREEK FLOWS / PACIFIC OCEAN,,46.2,46.2,-122.18,-122.18,SUBAERIAL,,,s 72481-2 [4768],BASALT [4768],,,,,,,,,VOLCANIC ROCK,,,,,WHOLE_ROCK [4768] ,228575.71500000003,7971.222,,96323.682,,66792.70000000001,,,92196.3,37207.568,1239.1328,,2158.39,18546.425,567.3473,,,,,,,,,,,,,,,,,,,,,,,,,,,,,,,,,,,,,,,,,,,,,,,,,,,,,,,,,,,,,,,,,,,,,,,,,,,,,,,,,,,,,,,,,,,,,,,,,,,,,,,,,,,,,,,,,,,,,,,,,,,,,,,,,105931,
[4768],CONVERGENT MARGIN,CASCADES / HIGH CASCADES / OREGON / MOUNT ST. HELENS / CASTLE CREEK FLOWS / PACIFIC OCEAN,,46.2,46.2,-122.18,-122.18,SUBAERIAL,,,s 80581-2 [4768],BASALT [4768],,,,QUATERNARY [4768],,,,,VOLCANIC ROCK,,,,,WHOLE_ROCK [4768] ,229510.58500000002,7132.145999999999,,91031.172,,80431.,,,72184.7,41670.064,1548.9160000000002,,2739.4950000000003,24110.3525,654.6315,,,,,,,,,,,,,,,,,,,,,,,,,,,,,,,,,,,,,,,,,,,,,,,,,,,,,,,,,,,,,,,,,,,,,,,,,,,,,,,,,,,,,,,,,,,,,,,,,,,,,,,,,,,,,,,,,,,,,,,,,,,,,,,,,105932,
[4768],CONVERGENT MARGIN,CASCADES / HIGH CASCADES / OREGON / MOUNT ST. HELENS / CASTLE CREEK FLOWS / PACIFIC OCEAN,,46.2,46.2,-122.18,-122.18,SUBAERIAL,,,s 80381-SOE [4768],BASALT [4768],,,,QUATERNARY [4768],,,,,VOLCANIC ROCK,,,,,WHOLE_ROCK [4768] ,224836.23500000002,8990.099999999999,,92089.674,,76234.6,,,82190.5,44805.871999999996,1471.4702,,2490.45,19288.282,610.9894,,,,,,,,,,,,,,,,,,,,,,,,,,,,,,,,,,,,,,,,,,,,,,,,,,,,,,,,,,,,,,,,,,,,,,,,,,,,,,,,,,,,,,,,,,,,,,,,,,,,,,,,,,,,,,,,,,,,,,,,,,,,,,,,,105933,
[4768],CONVERGENT MARGIN,CASCADES / HIGH CASCADES / OREGON / MOUNT ST. HELENS / CASTLE CREEK FLOWS / PACIFIC OCEAN,,46.2,46.2,-122.18,-122.18,SUBAERIAL,,,s 91780-2X [4768],BASALT [4768],,,,QUATERNARY [4768],,,,,VOLCANIC ROCK,,,,,WHOLE_ROCK [4768] ,220629.32000000004,9409.637999999999,,93148.176,,75535.20000000001,,,86478.7,44021.92,1084.2412000000002,,2407.435,22700.8242,,,,,,,,,,,,,,,,,,,,,,,,,,,,,,,,,,,,,,,,,,,,,,,,,,,,,,,,,,,,,,,,,,,,,,,,,,,,,,,,,,,,,,,,,,,,,,,,,,,,,,,,,,,,,,,,,,,,,,,,,,,,,,,,,,105934,
[4768],CONVERGENT MARGIN,CASCADES / HIGH CASCADES / OREGON / MOUNT ST. HELENS / CASTLE CREEK FLOWS / PACIFIC OCEAN,,46.2,46.2,-122.18,-122.18,SUBAERIAL,,,s 70381-4 [4768],BASALT [4768],,,,QUATERNARY [4768],,,,,VOLCANIC ROCK,,,,,WHOLE_ROCK [4768] ,228108.28,9529.506,,84150.909,,80431.,,,85764,46916.511999999995,1316.5786,,2241.405,13205.0546,698.2736,,,,,,,,,,,,,,,,,,,,,,,,,,,,,,,,,,,,,,,,,,,,,,,,,,,,,,,,,,,,,,,,,,,,,,,,,,,,,,,,,,,,,,,,,,,,,,,,,,,,,,,,,,,,,,,,,,,,,,,,,,,,,,,,,105935,
[4768],CONVERGENT MARGIN,CASCADES / HIGH CASCADES / OREGON / MOUNT ST. HELENS / CASTLE CREEK FLOWS / PACIFIC OCEAN,,46.2,46.2,-122.18,-122.18,SUBAERIAL,,,s 70181-1S [4768],BASALT [4768],,,,QUATERNARY [4768],,,,,VOLCANIC ROCK,,,,,WHOLE_ROCK [4768] ,226238.54,11567.261999999999,,86797.16399999999,,76234.6,,,92911,39016.687999999995,1471.4702,,1245.225,17285.2681,829.1999000000001,,,,,,,,,,,,,,,,,,,,,,,,,,,,,,,,,,,,,,,,,,,,,,,,,,,,,,,,,,,,,,,,,,,,,,,,,,,,,,,,,,,,,,,,,,,,,,,,,,,,,,,,,,,,,,,,,,,,,,,,,,,,,,,,,105936,
[4768],CONVERGENT MARGIN,CASCADES / HIGH CASCADES / OREGON / MOUNT ST. HELENS / CASTLE CREEK FLOWS / PACIFIC OCEAN,,46.2,46.2,-122.18,-122.18,SUBAERIAL,,,s 82881-73X [4768],BASALT [4768],,,,QUATERNARY [4768],,,,,VOLCANIC ROCK,,,,,WHOLE_ROCK [4768] ,226705.975,7791.42,,93677.427,,72737.6,,,87193.4,44805.871999999996,1239.1328,,1494.27,15133.8828,567.3473,,,,,,,,,,,,,,,,,,,,,,,,,,,,,,,,,,,,,,,,,,,,,,,,,,,,,,,,,,,,,,,,,,,,,,,,,,,,,,,,,,,,,,,,,,,,,,,,,,,,,,,,,,,,,,,,,,,,,,,,,,,,,,,,,105937,
[4768],CONVERGENT MARGIN,CASCADES / HIGH CASCADES / OREGON / MOUNT ST. HELENS / CASTLE CREEK FLOWS / PACIFIC OCEAN,,46.2,46.2,-122.18,-122.18,SUBAERIAL,,,s 82282-74T [4768],DACITE [4768],,,,QUATERNARY [4768],,,,,VOLCANIC ROCK,,,,,WHOLE_ROCK [4768] ,307104.79500000004,2936.7659999999996,,92618.925,,27416.48,,,32947.670000000006,8864.688,387.22900000000004,,12037.175,34496.3505,654.6315,,,,,,,,,,,,,,,,,,,,,,,,,,,,,,,,,,,,,,,,,,,,,,,,,,,,,,,,,,,,,,,,,,,,,,,,,,,,,,,,,,,,,,,,,,,,,,,,,,,,,,,,,,,,,,,,,,,,,,,,,,,,,,,,,105938,
[4768],CONVERGENT MARGIN,CASCADES / HIGH CASCADES / OREGON / MOUNT ST. HELENS / CASTLE CREEK FLOWS / PACIFIC OCEAN,,46.2,46.2,-122.18,-122.18,SUBAERIAL,,,s 11281-62B [4768],DACITE [4768],,,,QUATERNARY [4768],,,,,VOLCANIC ROCK,,,,,WHOLE_ROCK [4768] ,321595.28,2457.294,,88384.917,,26787.02,,,27944.77,4703.7119999999995,0.,,10542.905,31677.293899999997,,,,,,,,,,,,,,,,,,,,,,,,,,,,,,,,,,,,,,,,,,,,,,,,,,,,,,,,,,,,,,,,,,,,,,,,,,,,,,,,,,,,,,,,,,,,,,,,,,,,,,,,,,,,,,,,,,,,,,,,,,,,,,,,,,105939,
[4459],CONVERGENT MARGIN,CASCADES / HIGH CASCADES / OREGON / PACIFIC OCEAN,,44,45,-121.4,-122.1,SUBAERIAL,,,s MB-133 [4459],BASALT [4459],,,,,,,,,VOLCANIC ROCK,,,,,WHOLE_ROCK [4459] ,229510.58500000002,8990.099999999999,,90501.92100000002,,,,83171.09999999999,60749.5,52464.479999999996,,,4565.825000000001,21513.853,,,,,,,,,,,,,,,,,,,,,,,,,,,,,,,,,,,,,,,,,,,,,28.7,,,310,,,39.8,140,,,,,,,,1,450,,40,,,,,,,,,,,,,0.18,210,11,21.9,,10,4.38,1.58,,0.73,,,,,2.51,0.41,2.95,0.47,,,,,,,,,,,0.77,1.5,,,,,,,,,,,,,,,,,,,,,,,,,106616,
[4459],CONVERGENT MARGIN,CASCADES / HIGH CASCADES / OREGON / PACIFIC OCEAN,,44,45,-121.4,-122.1,SUBAERIAL,,,s EM-90 [4459],BASALT [4459],,,,,,,,,VOLCANIC ROCK,,,,,WHOLE_ROCK [4459] ,230445.45500000002,8390.759999999998,,91560.42300000001,,,,82393.8,63608.3,50655.36,,,4150.75,22997.567,,,,,,,,,,,,,,,,,,,,,,,,,,,,,,,,,,,,,,,,,,,,,28.5,,,170,,,41,150,,,,,,,,3,550,,50,,,,,,,,,,,,,0.08,190,12.1,25.7,,19,4.58,1.64,,0.73,,,,,2.24,0.36,2.54,0.41,,,,,,,,,,,0.52,1.6,,,,,,,,,,,,,,,,,,,,,,,,,106618,
[4459],CONVERGENT MARGIN,CASCADES / HIGH CASCADES / OREGON / PACIFIC OCEAN,,44,45,-121.4,-122.1,SUBAERIAL,,,s TS-620 [4459],BASALT [4459],,,,,,,,,VOLCANIC ROCK,,,,,WHOLE_ROCK [4459] ,233717.50000000003,8990.099999999999,,93677.427,,,,75398.09999999999,64323,45831.03999999999,,,4565.825000000001,22255.71,,,,,,,,,,,,,,,,,,,,,,,,,,,,,,,,,,,,,,,,,,,,,30.2,,,185,,,38.5,120,,,,,,,,13,420,,90,,,,,,,,,,,,,0.05,200,8.8,22.2,,11,3.95,1.4,,0.65,,,,,2.3,0.39,2.9,0.47,,,,,,,,,,,0.53,0.2,,,,,,,,,,,,,,,,,,,,,,,,,106620,
[4459],CONVERGENT MARGIN,CASCADES / HIGH CASCADES / OREGON / PACIFIC OCEAN,,44,45,-121.4,-122.1,SUBAERIAL,,,s TS-621 [4459],BASALT [4459],,,,,,,,,VOLCANIC ROCK,,,,,WHOLE_ROCK [4459] ,234652.37000000002,8091.09,,90501.92100000002,,,,73066.2,64323,54876.63999999999,,,4565.825000000001,24481.281,,,,,,,,,,,,,,,,,,,,,,,,,,,,,,,,,,,,,,,,,,,,,28.2,,,280,,,41.3,160,,,,,,,,3,410,,170,,,,,,,,,,,,,0.15,150,7.5,14.6,,17,3.79,1.4,,0.64,,,,,2.4,0.5,2.77,0.35,,,,,,,,,,,0.64,1.3,,,,,,,,,,,,,,,,,,,,,,,,,106621,
[4459],CONVERGENT MARGIN,CASCADES / HIGH CASCADES / OREGON / PACIFIC OCEAN,,44,45,-121.4,-122.1,SUBAERIAL,,,s TS-630 [4459],BASALT [4459],,,,,,,,,VOLCANIC ROCK,,,,,WHOLE_ROCK [4459] ,240729.02500000002,8091.09,,93677.427,,,,71511.59999999999,57176,44624.96,,,7056.275,25964.995,,,,,,,,,,,,,,,,,,,,,,,,,,,,,,,,,,,,,,,,,,,,,24.9,,,210,,,36.3,140,,,,,,,,12,540,,160,,,,,,,,,,,,,0.25,280,12.9,33.2,,31,4.8,1.54,,0.73,,,,,2.35,0.4,3.6,0.66,,,,,,,,,,,0.98,0.3,,,,,,,,,,,,,,,,,,,,,,,,,106622,
[4459],CONVERGENT MARGIN,CASCADES / HIGH CASCADES / OREGON / PACIFIC OCEAN,,44,45,-121.4,-122.1,SUBAERIAL,,,s TFJ-435 [4459],BASALT [4459],,,,,,,,,VOLCANIC ROCK,,,,,WHOLE_ROCK [4459] ,231380.325,9289.77,,92618.925,,,,72288.90000000001,67181.8,46434.08,,,5395.975,24481.281,,,,,,,,,,,,,,,,,,,,,,,,,,,,,,,,,,,,,,,,,,,,,29,,,190,,,36.5,110,,,,,,,,6,590,,110,,,,,,,,,,,,,0.08,200,13.8,33.5,,10,5.03,1.78,,0.8,,,,,2.51,0.49,3.31,0.86,,,,,,,,,,,0.81,1.6,,,,,,,,,,,,,,,,,,,,,,,,,106623,
[4459],CONVERGENT MARGIN,CASCADES / HIGH CASCADES / OREGON / PACIFIC OCEAN,,44,45,-121.4,-122.1,SUBAERIAL,,,s TFJ-438 [4459],BASALT [4459],,,,,,,,,VOLCANIC ROCK,,,,,WHOLE_ROCK [4459] ,231380.325,8990.099999999999,,86797.16399999999,,,,75398.09999999999,60749.5,56685.76,,,5811.049999999999,24481.281,,,,,,,,,,,,,,,,,,,,,,,,,,,,,,,,,,,,,,,,,,,,,27.2,,,325,,,44.9,240,,,,,,,,5,470,,60,,,,,,,,,,,,,0.21,180,11.6,22.8,,17,3.94,1.55,,0.59,,,,,2.09,0.31,4.45,0.9,,,,,,,,,,,0.87,1.5,,,,,,,,,,,,,,,,,,,,,,,,,106624,
[4459],CONVERGENT MARGIN,CASCADES / HIGH CASCADES / OREGON / PACIFIC OCEAN,,44,45,-121.4,-122.1,SUBAERIAL,,,s S-91 [4459],BASALT [4459],,,,,,,,,VOLCANIC ROCK,,,,,WHOLE_ROCK [4459] ,236522.11000000002,8690.429999999998,,93148.176,,,,72288.90000000001,64323,45831.03999999999,,,5811.049999999999,22997.567,,,,,,,,,,,,,,,,,,,,,,,,,,,,,,,,,,,,,,,,,,,,,29.3,,,190,,,36.1,100,,,,,,,,6,430,,200,,,,,,,,,,,,,0.28,230,13.6,33,,12,4.93,1.57,,0.77,,,,,2.68,0.43,3.24,0.8,,,,,,,,,,,1.25,1.5,,,,,,,,,,,,,,,,,,,,,,,,,106625,
[4459],CONVERGENT MARGIN,CASCADES / HIGH CASCADES / OREGON / PACIFIC OCEAN,,44,45,-121.4,-122.1,SUBAERIAL,,,s S-92 [4459],BASALT [4459],,,,,,,,,VOLCANIC ROCK,,,,,WHOLE_ROCK [4459] ,229043.15000000002,9889.109999999999,,95265.18000000001,,,,73843.5,62178.899999999994,47640.159999999996,,,6641.200000000001,25964.995,,,,,,,,,,,,,,,,,,,,,,,,,,,,,,,,,,,,,,,,,,,,,25.3,,,165,,,38.1,130,,,,,,,,1,530,,100,,,,,,,,,,,,,0.21,220,13,36.1,,19,4.73,1.7,,0.77,,,,,2.36,0.41,3.33,1,,,,,,,,,,,0.9,1.5,,,,,,,,,,,,,,,,,,,,,,,,,106626,
[4459],CONVERGENT MARGIN,CASCADES / HIGH CASCADES / OREGON / PACIFIC OCEAN,,44,45,-121.4,-122.1,SUBAERIAL,,,s BT-393 [4459],BASALT [4459],,,,,,,,,VOLCANIC ROCK,,,,,WHOLE_ROCK [4459] ,229510.58500000002,8990.099999999999,,90501.92100000002,,,,77730,62893.600000000006,51861.439999999995,,,3735.675,26706.852,,,,,,,,,,,,,,,,,,,,,,,,,,,,,,,,,,,,,,,,,,,,,27.7,,,250,,,45.2,170,,,,,,,,3,430,,80,,,,,,,,,,,,,0.14,150,7.9,14.4,,16,4.01,1.51,,0.74,,,,,2.34,0.36,2.73,0.41,,,,,,,,,,,0.51,1.5,,,,,,,,,,,,,,,,,,,,,,,,,106628,
[4459],CONVERGENT MARGIN,CASCADES / HIGH CASCADES / OREGON / MOUNT WASHINGTON / PACIFIC OCEAN,,44,45,-121.4,-122.1,SUBAERIAL,,,s EM-92 [4459],"ANDESITE, BASALTIC [4459]",,,,,,,,,VOLCANIC ROCK,,,,,WHOLE_ROCK [4459] ,248207.98500000002,8091.09,,95794.43100000001,,,,67625.09999999999,59320.100000000006,33770.24,,,7471.35,28932.423,,,,,,,,,,,,,,,,,,,,,,,,,,,,,,,,,,,,,,,,,,,,,20.1,,,109,,,32.3,120,,,,,,,,12,800,,150,,,,,,,,,,,,,0.15,330,17,43.7,,22,5.08,1.65,,0.7,,,,,2.11,0.37,4.14,0.76,,,,,,,,,,,1.06,0.2,,,,,,,,,,,,,,,,,,,,,,,,,106629,
[4459],CONVERGENT MARGIN,CASCADES / HIGH CASCADES / OREGON / MOUNT WASHINGTON / PACIFIC OCEAN,,44,45,-121.4,-122.1,SUBAERIAL,,,s TJF-436 [4459],"ANDESITE, BASALTIC [4459]",,,,,,,,,VOLCANIC ROCK,,,,,WHOLE_ROCK [4459] ,253817.20500000002,7491.75,,93148.176,,,,59852.1,59320.100000000006,33770.24,,,7886.424999999999,27448.709,,,,,,,,,,,,,,,,,,,,,,,,,,,,,,,,,,,,,,,,,,,,,22.7,,,93,,,28.7,60,,,,,,,,15,740,,180,,,,,,,,,,,,,0.28,310,16.4,40.3,,25,4.74,1.59,,0.74,,,,,2.15,0.4,4.25,0.78,,,,,,,,,,,1.13,0.4,,,,,,,,,,,,,,,,,,,,,,,,,106630,
[4459],CONVERGENT MARGIN,CASCADES / HIGH CASCADES / OREGON / MOUNT WASHINGTON / PACIFIC OCEAN,,44,45,-121.4,-122.1,SUBAERIAL,,,s TFJ-491 [4459],"ANDESITE, BASALTIC [4459]",,,,,,,,,VOLCANIC ROCK,,,,,WHOLE_ROCK [4459] ,258958.99000000002,6712.608,,93677.427,,,,59852.1,57890.7,28342.88,,,9878.785,31157.994,,,,,,,,,,,,,,,,,,,,,,,,,,,,,,,,,,,,,,,,,,,,,22.9,,,66,,,27,60,,,,,,,,10,520,,150,,,,,,,,,,,,,0.62,340,15.2,37.4,,17,4.16,1.49,,0.73,,,,,1.97,0.31,3.79,0.56,,,,,,,,,,,1.45,0.5,,,,,,,,,,,,,,,,,,,,,,,,,106631,
[4459],CONVERGENT MARGIN,CASCADES / HIGH CASCADES / OREGON / MOUNT WASHINGTON / PACIFIC OCEAN,,44,45,-121.4,-122.1,SUBAERIAL,,,s BT-392 [4459],"ANDESITE, BASALTIC [4459]",,,,,,,,,VOLCANIC ROCK,,,,,WHOLE_ROCK [4459] ,261296.165,7192.079999999999,,92089.674,,,,62184,50743.7,24724.639999999996,,,9546.724999999999,33383.565,,,,,,,,,,,,,,,,,,,,,,,,,,,,,,,,,,,,,,,,,,,,,23.7,,,37,,,24.5,25,,,,,,,,23,740,,140,,,,,,,,,,,,,0.55,370,14.6,35.7,,18,4.3,1.42,,0.6,,,,,2.09,0.37,3.67,0.42,,,,,,,,,,,1.94,0.4,,,,,,,,,,,,,,,,,,,,,,,,,106633,
[4459],CONVERGENT MARGIN,CASCADES / HIGH CASCADES / OREGON / MOUNT WASHINGTON / PACIFIC OCEAN,,44,45,-121.4,-122.1,SUBAERIAL,,,s BT-396 [4459],"ANDESITE, BASALTIC [4459]",,,,,,,,,VOLCANIC ROCK,,,,,WHOLE_ROCK [4459] ,251947.46500000003,5993.4,,100028.439,,,,55965.6,57890.7,36182.399999999994,,,8716.575,29674.28,,,,,,,,,,,,,,,,,,,,,,,,,,,,,,,,,,,,,,,,,,,,,21.8,,,101,,,31.3,110,,,,,,,,6,660,,110,,,,,,,,,,,,,0.19,260,12.7,31.8,,18,3.67,1.33,,0.58,,,,,1.69,0.25,3.03,0.4,,,,,,,,,,,1.49,0.4,,,,,,,,,,,,,,,,,,,,,,,,,106635,
[4459],CONVERGENT MARGIN,CASCADES / HIGH CASCADES / OREGON / MOUNT WASHINGTON / PACIFIC OCEAN,,44,45,-121.4,-122.1,SUBAERIAL,,,s B-143 [4459],"ANDESITE, BASALTIC [4459]",,,,,,,,,VOLCANIC ROCK,,,,,WHOLE_ROCK [4459] ,261763.60000000003,6592.74,,94206.67800000001,,,,55188.299999999996,52887.8,21106.399999999998,,,11622.099999999999,31157.994,,,,,,,,,,,,,,,,,,,,,,,,,,,,,,,,,,,,,,,,,,,,,20.9,,,31,,,21.5,20,,,,,,,,33,660,,200,,,,,,,,,,,,,0.75,370,17.5,41.9,,22,5.12,1.48,,0.69,,,,,2.19,0.31,4.23,0.59,,,,,,,,,,,2.61,0.4,,,,,,,,,,,,,,,,,,,,,,,,,106636,
[4459],CONVERGENT MARGIN,CASCADES / HIGH CASCADES / OREGON / PACIFIC OCEAN,NORTH SISTER,44,45,-121.4,-122.1,SUBAERIAL,,,s TFJ-434 [4459],"ANDESITE, BASALTIC [4459]",,,,,,,,,VOLCANIC ROCK,,,,,WHOLE_ROCK [4459] ,259426.42500000002,5094.389999999999,,101616.192,,,,48969.9,54317.2,31358.079999999998,,,6226.125,28190.566,,,,,,,,,,,,,,,,,,,,,,,,,,,,,,,,,,,,,,,,,,,,,17.6,,,36,,,27.6,80,,,,,,,,11,680,,60,,,,,,,,,,,,,0.25,160,6.9,16.7,,7,2.31,0.89,,0.34,,,,,1.06,0.15,2.06,0.27,,,,,,,,,,,0.79,0.2,,,,,,,,,,,,,,,,,,,,,,,,,106637,
[4459],CONVERGENT MARGIN,CASCADES / HIGH CASCADES / OREGON / PACIFIC OCEAN,NORTH SISTER,44,45,-121.4,-122.1,SUBAERIAL,,,s TFJ-437 [4459],"ANDESITE, BASALTIC [4459]",,,,,,,,,VOLCANIC ROCK,,,,,WHOLE_ROCK [4459] ,263633.34,4794.72,,99499.18800000001,,,,47415.299999999996,54317.2,30152.,,,9131.650000000001,28932.423,,,,,,,,,,,,,,,,,,,,,,,,,,,,,,,,,,,,,,,,,,,,,17.8,,,71,,,25.2,60,,,,,,,,21,650,,100,,,,,,,,,,,,,0.55,300,9.5,21.2,,5,2.82,0.92,,0.4,,,,,1.43,0.2,2.75,0.38,,,,,,,,,,,1.62,0.5,,,,,,,,,,,,,,,,,,,,,,,,,106638,
[4459],CONVERGENT MARGIN,CASCADES / HIGH CASCADES / OREGON / PACIFIC OCEAN,NORTH SISTER,44,45,-121.4,-122.1,SUBAERIAL,,,s TS-628 [4459],"ANDESITE, BASALTIC [4459]",,,,,,,,,VOLCANIC ROCK,,,,,WHOLE_ROCK [4459] ,255219.51000000004,4495.049999999999,,96852.933,,,,52856.4,49314.3,48846.24,,,6226.125,27448.709,,,,,,,,,,,,,,,,,,,,,,,,,,,,,,,,,,,,,,,,,,,,,15.9,,,150,,,35,260,,,,,,,,24,410,,110,,,,,,,,,,,,,0.56,260,6.8,16.2,,9,2.24,0.84,,0.35,,,,,1.17,0.23,2.24,0.27,,,,,,,,,,,1.23,0.4,,,,,,,,,,,,,,,,,,,,,,,,,106640,
[4459],CONVERGENT MARGIN,CASCADES / HIGH CASCADES / OREGON / PACIFIC OCEAN,NORTH SISTER,44,45,-121.4,-122.1,SUBAERIAL,,,s TS-629 [4459],"ANDESITE, BASALTIC [4459]",,,,,,,,,VOLCANIC ROCK,,,,,WHOLE_ROCK [4459] ,270644.865,5993.4,,92089.674,,,,53633.700000000004,46455.5,23518.559999999998,,,9961.8,32641.708000000002,,,,,,,,,,,,,,,,,,,,,,,,,,,,,,,,,,,,,,,,,,,,,19.5,,,30,,,20.5,0,,,,,,,,20,570,,90,,,,,,,,,,,,,0.68,320,9.3,23.2,,11,3.28,1.11,,0.46,,,,,1.68,0.24,3.13,0.4,,,,,,,,,,,1.75,0.4,,,,,,,,,,,,,,,,,,,,,,,,,106641,
[4459],CONVERGENT MARGIN,CASCADES / HIGH CASCADES / OREGON / PACIFIC OCEAN,NORTH SISTER,44,45,-121.4,-122.1,SUBAERIAL,,,s TS-691 [4459],"ANDESITE, BASALTIC [4459]",,,,,,,,,VOLCANIC ROCK,,,,,WHOLE_ROCK [4459] ,268307.69,6592.74,,94206.67800000001,,,,57520.200000000004,47170.2,24724.639999999996,,,8716.575,33383.565,,,,,,,,,,,,,,,,,,,,,,,,,,,,,,,,,,,,,,,,,,,,,21.1,,,27,,,22.5,17,,,,,,,,17,570,,120,,,,,,,,,,,,,0.59,310,8.5,20.2,,8,3.04,1.08,,0.49,,,,,1.53,0.23,2.92,0.36,,,,,,,,,,,1.41,0.2,,,,,,,,,,,,,,,,,,,,,,,,,106642,
[4459],CONVERGENT MARGIN,CASCADES / HIGH CASCADES / OREGON / PACIFIC OCEAN,NORTH SISTER,44,45,-121.4,-122.1,SUBAERIAL,,,s TS-692 [4459],"ANDESITE, BASALTIC [4459]",,,,,,,,,VOLCANIC ROCK,,,,,WHOLE_ROCK [4459] ,248675.42000000004,6652.674,,96852.933,,,,61406.700000000004,65037.7,33770.24,,,6641.200000000001,30416.136999999995,,,,,,,,,,,,,,,,,,,,,,,,,,,,,,,,,,,,,,,,,,,,,24.2,,,51,,,31.7,70,,,,,,,,4,530,,80,,,,,,,,,,,,,0.18,230,9.7,22.7,,10,3.28,1.26,,0.57,,,,,1.68,0.26,2.57,0.34,,,,,,,,,,,0.89,,,,,,,,,,,,,,,,,,,,,,,,,,106643,
[4459],CONVERGENT MARGIN,CASCADES / HIGH CASCADES / OREGON / PACIFIC OCEAN,NORTH SISTER,44,45,-121.4,-122.1,SUBAERIAL,,,s BT-384 [4459],"ANDESITE, BASALTIC [4459]",,,,,,,,,VOLCANIC ROCK,,,,,WHOLE_ROCK [4459] ,253349.77000000002,6293.07,,97382.184,,,,59074.799999999996,58605.399999999994,34373.28,,,6641.200000000001,28190.566,,,,,,,,,,,,,,,,,,,,,,,,,,,,,,,,,,,,,,,,,,,,,23.3,,,84,,,30.7,70,,,,,,,,12,570,,60,,,,,,,,,,,,,0.49,200,6.6,18.3,,11,2.82,1.13,,0.49,,,,,1.47,0.32,2.46,0.29,,,,,,,,,,,0.82,0.4,,,,,,,,,,,,,,,,,,,,,,,,,106644,
[4459],CONVERGENT MARGIN,CASCADES / HIGH CASCADES / OREGON / PACIFIC OCEAN,NORTH SISTER,44,45,-121.4,-122.1,SUBAERIAL,,,s TS-686 [4459],"ANDESITE, BASALTIC [4459]",,,,,,,,,VOLCANIC ROCK,,,,,WHOLE_ROCK [4459] ,280461.,4794.72,,92618.925,,,,45083.4,42882,24121.6,,,12452.25,31899.851,,,,,,,,,,,,,,,,,,,,,,,,,,,,,,,,,,,,,,,,,,,,,14.1,,,56,,,19.5,70,,,,,,,,27,490,,140,,,,,,,,,,,,,0.83,360,10.5,24.1,,9,3.08,0.97,,0.44,,,,,1.73,0.22,3.44,0.46,,,,,,,,,,,2.31,0.6,,,,,,,,,,,,,,,,,,,,,,,,,106646,
[4459],CONVERGENT MARGIN,CASCADES / HIGH CASCADES / OREGON / PACIFIC OCEAN,NORTH SISTER,44,45,-121.4,-122.1,SUBAERIAL,,,s TS-627 [4459],"ANDESITE, BASALTIC [4459]",,,,,,,,,VOLCANIC ROCK,,,,,WHOLE_ROCK [4459] ,288407.395,4495.049999999999,,85738.662,,,,41974.200000000004,38593.8,25327.68,,,14942.7,30416.136999999995,,,,,,,,,,,,,,,,,,,,,,,,,,,,,,,,,,,,,,,,,,,,,14.6,,,70,,,21.1,70,,,,,,,,42,360,,100,,,,,,,,,,,,,1.2,440,11,25.7,,14,2.81,0.9,,0.43,,,,,1.67,0.24,3.39,0.51,,,,,,,,,,,3.05,0.6,,,,,,,,,,,,,,,,,,,,,,,,,106647,
[4459],CONVERGENT MARGIN,CASCADES / HIGH CASCADES / OREGON / MOUNT WASHINGTON / PACIFIC OCEAN,,44,45,-121.4,-122.1,SUBAERIAL,,,s MB-134 [4459],BASALT [4459],,,,,,,,,VOLCANIC ROCK,,,,,WHOLE_ROCK [4459] ,226705.975,12885.81,,84150.909,,,,94053.3,65752.4,48243.2,,,4150.75,23739.424,,,,,,,,,,,,,,,,,,,,,,,,,,,,,,,,,,,,,,,,,,,,,36.1,,,175,,,47.5,110,,,,,,,,5,340,,80,,,,,,,,,,,,,0.03,210,12.5,29.6,,24,5.87,2.04,,0.96,,,,,3.71,0.56,3.83,0.64,,,,,,,,,,,0.74,1.9,,,,,,,,,,,,,,,,,,,,,,,,,106864,
[4459],CONVERGENT MARGIN,CASCADES / HIGH CASCADES / OREGON / MOUNT WASHINGTON / PACIFIC OCEAN,,44,45,-121.4,-122.1,SUBAERIAL,,,s WR-225 [4459],BASALT [4459],,,,,,,,,VOLCANIC ROCK,,,,,WHOLE_ROCK [4459] ,229510.58500000002,6592.74,,88914.168,,,,81616.5,75758.2,50052.32,,,4150.75,20030.139,,,,,,,,,,,,,,,,,,,,,,,,,,,,,,,,,,,,,,,,,,,,,34.4,,,205,,,46.1,80,,,,,,,,1,830,,60,,,,,,,,,,,,,0.06,240,7.3,21.2,,7,2.94,1.23,,0.4,,,,,1.53,0.24,1.6,0.13,,,,,,,,,,,0.35,,,,,,,,,,,,,,,,,,,,,,,,,,106865,
[4459],CONVERGENT MARGIN,CASCADES / HIGH CASCADES / OREGON / MOUNT WASHINGTON / PACIFIC OCEAN,,44,45,-121.4,-122.1,SUBAERIAL,,,s TFJ-440 [4459],BASALT [4459],,,,,,,,,VOLCANIC ROCK,,,,,WHOLE_ROCK [4459] ,233250.065,7192.079999999999,,86267.913,,,,67625.09999999999,67181.8,61510.079999999994,,,12452.25,21513.853,,,,,,,,,,,,,,,,,,,,,,,,,,,,,,,,,,,,,,,,,,,,,27.1,,,370,,,42.4,230,,,,,,,,1,1490,,70,,,,,,,,,,,,,0.1,580,21,58.3,,27,6.47,2.15,,0.62,,,,,1.85,0.28,3.68,0.3,,,,,,,,,,,0.61,1.9,,,,,,,,,,,,,,,,,,,,,,,,,106866,
[4459],CONVERGENT MARGIN,CASCADES / HIGH CASCADES / OREGON / MOUNT WASHINGTON / PACIFIC OCEAN,,44,45,-121.4,-122.1,SUBAERIAL,,,s TS-688 [4459],BASALT [4459],,,,,,,,,VOLCANIC ROCK,,,,,WHOLE_ROCK [4459] ,243066.2,7192.079999999999,,100557.69,,,,64515.90000000001,60749.5,39800.63999999999,,,5395.975,27448.709,,,,,,,,,,,,,,,,,,,,,,,,,,,,,,,,,,,,,,,,,,,,,24.7,,,105,,,34.2,100,,,,,,,,3,530,,50,,,,,,,,,,,,,0.19,200,8.2,19.1,,8,3.6,1.29,,0.54,,,,,1.83,0.28,2.71,0.31,,,,,,,,,,,0.77,1.1,,,,,,,,,,,,,,,,,,,,,,,,,106867,
[4459],CONVERGENT MARGIN,CASCADES / HIGH CASCADES / OREGON / MOUNT WASHINGTON / PACIFIC OCEAN,,44,45,-121.4,-122.1,SUBAERIAL,,,s BT-382 [4459],BASALT [4459],,,,,,,,,VOLCANIC ROCK,,,,,WHOLE_ROCK [4459] ,243533.63500000004,7491.75,,102674.694,,,,58297.5,71470,33167.2,,,6226.125,25964.995,,,,,,,,,,,,,,,,,,,,,,,,,,,,,,,,,,,,,,,,,,,,,29.4,,,115,,,29,35,,,,,,,,9,650,,140,,,,,,,,,,,,,0.05,330,16,37.8,,23,4.94,1.69,,0.66,,,,,2.12,0.38,3.24,0.59,,,,,,,,,,,1.55,1.6,,,,,,,,,,,,,,,,,,,,,,,,,106868,
[4452],CONVERGENT MARGIN,CASCADES / COAST RANGES / OREGON / PACIFIC OCEAN,,45.6015,45.6015,-121.995,-121.995,SUBAERIAL,,,s RMC-92-8 [4452],THOLEIITE [4452],,,,,,,,,VOLCANIC ROCK,,,,,WHOLE_ROCK [4452] ,225537.3875,6952.343999999999,,88120.29149999999,,,,90399.99,67825.03,58494.87999999999,1394.0244,,747.135,20401.067499999997,436.42100000000005,,,,,,,,,,,,,,,,,,,,,,,,,,,,,,,,,,,,,,,,,,,,30.5,,178,260,,,57.9,208,58,85,18,,,,,0,238,23,73,3.9,,,,,,,,,,,,,71,4.7,12.2,,20.1,2.72,0.94,,0.6,,,,,2.24,0.33,1.85,0.29,,,,,,,,,0,,0.55,,,,,,,,,,,,,,,,,,,,,,,,,,107241,
[4452],CONVERGENT MARGIN,CASCADES / COAST RANGES / OREGON / PACIFIC OCEAN,,45.095,45.095,-121.997,-121.997,SUBAERIAL,,,s RCBD-21 [4452],THOLEIITE [4452],,,,,,,,,VOLCANIC ROCK,,,,,WHOLE_ROCK [4452] ,223807.87800000003,5633.795999999999,,96588.30750000001,,,,70889.76,81690.20999999999,58072.752,1239.1328,,747.135,17730.3823,392.77889999999996,,,,,,,,,,,,,,,,,,,,,,,,,,,,,,,,,,,,,,,,,,,,41,,210,276,,,,150,49,61,17,,,,,2,252,23,74,2.6,,,,,,,,,,,,,70,,,,,,,,,,,,,,,,,,,,,,,,,1,,2,,,,,,,,,,,,,,,,,,,,,,,,,,107242,
[4452],CONVERGENT MARGIN,CASCADES / COAST RANGES / OREGON / PACIFIC OCEAN,,45.0945,45.0945,-122.0003,-122.0003,SUBAERIAL,,,s RCBD-41 [4452],THOLEIITE [4452],,,,,,,,,VOLCANIC ROCK,,,,,WHOLE_ROCK [4452] ,226659.23150000002,6293.07,,93095.2509,,,,69801.54000000001,81118.45,57710.928,1239.1328,,1162.21,19065.724899999997,436.42100000000005,,,,,,,,,,,,,,,,,,,,,,,,,,,,,,,,,,,,,,,,,,,,39,,217,272,,,,147,62,63,14,,,,,2,263,24,82,2.7,,,,,,,,,,,,,66,,,,,,,,,,,,,,,,,,,,,,,,,0,,1,,,,,,,,,,,,,,,,,,,,,,,,,,107243,
[4452],CONVERGENT MARGIN,CASCADES / COAST RANGES / OREGON / PACIFIC OCEAN,,44.5575,44.5575,-121.2886,-121.2886,SUBAERIAL,,,s TED-733 [4452],THOLEIITE [4452],,,,,,,,,VOLCANIC ROCK,,,,,WHOLE_ROCK [4452] ,227594.10150000002,5094.389999999999,,91719.19829999999,,,,70034.73,86335.76,56866.67199999999,1394.0244,,913.165,16617.5968,349.1368,,,,,,,,,,,,,,,,,,,,,,,,,,,,,,,,,,,,,,,,,,,,49.7,,238,322,,,45,152,84,56,14,,,,,3,205,25.2,57,3.1,,,,,,,,,,,,,89,3.2,7.7,1.3,6.5,1.97,0.81,2.77,0.48,3.48,0.77,2.48,0.4,2.65,0.43,1.33,0.18,,,,,,,,,0.9,,0.29,0.1,,,,,,,,,,,,,,,,,,,,,,,,,107244,
[4452],CONVERGENT MARGIN,CASCADES / HIGH CASCADES / OREGON / PACIFIC OCEAN,,44.8333,44.8333,-121.6798,-121.6798,SUBAERIAL,,,s RCFB-139 [4452],BASALT [4452],,,,,,,,,VOLCANIC ROCK,,,,,WHOLE_ROCK [4452] ,234745.85700000002,9769.241999999998,,87538.1154,,,,67625.09999999999,66895.92,53188.128,1161.687,,6392.155,25816.6236,1527.4734999999998,,,,,,,,,,,,,,,,,,,,,,,,,,,,,,,,,,,,,,,,,,,,31,,208,311,,,,165,67,70,18,,,,,9,615,23,153,18.2,,,,,,,,,,,,,245,,37,,,,,,,,,,,,,,,,,,,,,,,0,,1,,,,,,,,,,,,,,,,,,,,,,,,,,107247,
[4452],CONVERGENT MARGIN,CASCADES / HIGH CASCADES / WASHINGTON / PACIFIC OCEAN,,46.265,46.265,-121.854,-121.854,SUBAERIAL,,,s WDS87-82 [4452],BASALT [4452],,,,,,,,,VOLCANIC ROCK,,,,,WHOLE_ROCK [4452] ,228108.28,10248.714,,84097.9839,,,,78118.65000000001,63608.3,59942.17599999999,1239.1328,,6807.23,24852.2095,1658.3998000000001,,,,,,,,,,,,,,,,,,,,,,,,,,,,,,,,,,,,,,,,,,,,26,,200,354,,,,165,53,93,,,,,,8,619,22,152,24.2,,,,,,,,,,,,,282,,,,,,,,,,,,,,,,,,,,,,,,,2,,,,,,,,,,,,,,,,,,,,,,,,,,,,107248,
[4452],CONVERGENT MARGIN,CASCADES / HIGH CASCADES / OREGON / PACIFIC OCEAN,,44.8505,44.8505,-121.831,-121.831,SUBAERIAL,,,s CTGH-2576 [4452],"BASALT, CALC-ALKALINE [4452]",,,,,,,,,VOLCANIC ROCK,,,,,WHOLE_ROCK [4452] ,204315.8385,21516.305999999997,,60017.0634,,,,91021.83,93411.29000000001,68987.776,1394.0244,,5728.035,22552.4528,5411.6204,,,,,,,,,,,,,,,,,,,,,,,,,,,,,,,,,,,,,,,,,,,,23.3,,237,410,,,55.8,123,62,122,19,,,,,45,1038,36,401,65,,,,,,,,,,,,,650,77,154,,81,16.9,5.15,,1.4,,,,,2.01,,8.73,3.64,,,,,,,,,,,7.2,,,,,,,,,,,,,,,,,,,,,,,,,,107249,
[4452],CONVERGENT MARGIN,CASCADES / HIGH CASCADES / OREGON / PACIFIC OCEAN,,44.5175,44.5175,-121.6308,-121.6308,SUBAERIAL,,,s RCGR-773 [4452],"BASALT, CALC-ALKALINE [4452]",,,,,,,,,VOLCANIC ROCK,,,,,WHOLE_ROCK [4452] ,231941.247,9529.506,,82563.156,,,,79595.52,66538.57,58133.056,1394.0244,,3901.705,21884.7815,1745.6840000000002,,,,,,,,,,,,,,,,,,,,,,,,,,,,,,,,,,,,,,,,,,,,33,,187,334,,,,223,96,102,20,,,,,6,701,27,174,10,,,,,,,,,,,,,220,,,,,,,,,,,,,,,,,,,,,,,,,,,,,,,,,,,,,,,,,,,,,,,,,,,,,107250,
[4452],CONVERGENT MARGIN,CASCADES / HIGH CASCADES / OREGON / PACIFIC OCEAN,,44.4381,44.4381,-121.8381,-121.8381,SUBAERIAL,,,s RCW-85 [4452],"BASALT, CALC-ALKALINE [4452]",,,,,,,,,VOLCANIC ROCK,,,,,WHOLE_ROCK [4452] ,244468.505,6952.343999999999,,87220.56480000001,,,,59307.99,62893.600000000006,53308.736,1084.2412000000002,,7139.29,26113.3664,1134.6946,,,,,,,,,,,,,,,,,,,,,,,,,,,,,,,,,,,,,,,,,,,,26,,196,373,,,41.3,180,56,73,17,,,,,10,627,19,129,10.6,,,,,,,,,,,,,256,13.4,32.7,,15.8,4.16,1.28,,0.6,,,,,1.87,0.25,2.78,0.56,,,,,,,,,3,,1.35,,,,,,,,,,,,,,,,,,,,,,,,,,107251,
[4842],CONVERGENT MARGIN,CASCADES / HIGH CASCADES / CALIFORNIA / THREE SISTERS / PACIFIC OCEAN,"SOUTH SISTER, MAIN CONE",44.1,44.1,-121.75,-121.75,SUBAERIAL,,,s SS-9 [4842],ANDESITE [4842],,,,,,,,,VOLCANIC ROCK,,,,,WHOLE_ROCK [4842] ,297569.121,6173.202,,87749.8158,,,,48814.44,30446.219999999998,11156.24,851.9038,,15855.865,37092.85,,,,,,,,,,,,,,,,,1100.,,,,,,,,,,,,,,,,,,,,,,,,,,,,,,,,,,,,,,,,,,,,,,,,,,,,,,,,,,,,,,,,,,,,,,,,,,,,,,,,,,,,,,,,,,,,,,,,,,,,,,,,,,,,,,,,,107267,
[4842],CONVERGENT MARGIN,CASCADES / HIGH CASCADES / CALIFORNIA / THREE SISTERS / PACIFIC OCEAN,"SOUTH SISTER, MAIN CONE",44.1,44.1,-121.75,-121.75,SUBAERIAL,,,s SS-13 [4842],ANDESITE [4842],,,,,,,,,VOLCANIC ROCK,,,,,WHOLE_ROCK [4842] ,292474.07950000005,6293.07,,87167.6397,,,,49824.93,31947.089999999997,12000.496,929.3496,,15274.76,36870.29289999999,,,,,,,,,,,,,,,,,6200.,,,,,,,,,,,,,,,,,,,,,,,,,,,,15.13,,109.36,5.06,,,12.75,,,,,,,,,35.22,400,,,,,,,,,,,,,,,1.43,566,17.69,40.11,,,4.82,1.5,,0.63,4.56,,,,2.48,0.35,5.34,0.63,,,,,,,,,,,3.49,1.82,,,,,,,,,,,,,,,,,,,,,,,,,107268,
[4842],CONVERGENT MARGIN,CASCADES / HIGH CASCADES / CALIFORNIA / THREE SISTERS / PACIFIC OCEAN,"SOUTH SISTER, MAIN CONE",44.1,44.1,-121.75,-121.75,SUBAERIAL,,,s SS-17 [4842],ANDESITE [4842],,,,,,,,,VOLCANIC ROCK,,,,,WHOLE_ROCK [4842] ,295185.2025,6412.938,,85738.662,,,,47415.299999999996,29231.23,10010.463999999998,851.9038,,16852.045,36647.7358,,,,,,,,,,,,,,,,,0,,,,,,,,,,,,,,,,,,,,,,,,,,,,,,,,,,,,,,,,,,,,,,,,,,,,,,,,,,,,,,,,,,,,,,,,,,,,,,,,,,,,,,,,,,,,,,,,,,,,,,,,,,,,,,,,,107269,
[4842],CONVERGENT MARGIN,CASCADES / HIGH CASCADES / CALIFORNIA / THREE SISTERS / PACIFIC OCEAN,"SOUTH SISTER, MAIN CONE",44.1,44.1,-121.75,-121.75,SUBAERIAL,,,s SS-31 [4842],ANDESITE [4842],,,,,,,,,VOLCANIC ROCK,,,,,WHOLE_ROCK [4842] ,305702.49000000005,5513.928,,84680.16,,,,40108.68,25872.14,8141.04,774.4580000000001,,18429.33,35534.9503,,,,,,,,,,,,,,,,,3200.,,,,,,,,,,,,,,,,,,,,,,,,,,,,,,,,,,,,,,,,,,,,,,,,,,,,,,,,,,,,,,,,,,,,,,,,,,,,,,,,,,,,,,,,,,,,,,,,,,,,,,,,,,,,,,,,,107270,
[4842],CONVERGENT MARGIN,CASCADES / HIGH CASCADES / CALIFORNIA / THREE SISTERS / PACIFIC OCEAN,"SOUTH SISTER, MAIN CONE",44.1,44.1,-121.75,-121.75,SUBAERIAL,,,s SS-40 [4842],ANDESITE [4842],,,,,,,,,VOLCANIC ROCK,,,,,WHOLE_ROCK [4842] ,299158.4,5813.597999999999,,85209.41100000001,,,,42751.5,26944.19,9467.728,851.9038,,17184.105,36276.80729999999,,,,,,,,,,,,,,,,,6899.999999999999,,,,,,,,,,,,,,,,,,,,,,,,,,,,16,,87,2,,,13,,,,,,,,,40,382,,,,,,,,,,,,,,,0.81,632,28.46,49.52,,,6.21,1.68,,0.94,4.23,,,,3.21,0.4,5.92,0.72,,,,,,,,,,,4.15,1.26,,,,,,,,,,,,,,,,,,,,,,,,,107271,
[4842],CONVERGENT MARGIN,CASCADES / HIGH CASCADES / CALIFORNIA / THREE SISTERS / PACIFIC OCEAN,"SOUTH SISTER, SUMMIT CONE",44.1,44.1,-121.75,-121.75,SUBAERIAL,,,s SS-18 [4842],BASALT [4842],,,,,,,,,VOLCANIC ROCK,,,,,WHOLE_ROCK [4842] ,236989.54500000004,8210.958,,100293.0645,,,,75786.75,58319.520000000004,26473.455999999995,1161.687,,3652.66,29748.465699999997,,,,,,,,,,,,,,,,,12900.,,,,,,,,,,,,,,,,,,,,,,,,,,,,28.46,,232.92,71.08,,,31.6,,,,,,,,,20.16,342,,,,,,,,,,,,,,,0.57,645,10.09,25.68,,,4.01,1.45,,0.43,2.94,,,,2.1,0.27,3.28,0.28,,,,,,,,,,,1.36,0.81,,,,,,,,,,,,,,,,,,,,,,,,,107272,
[4842],CONVERGENT MARGIN,CASCADES / HIGH CASCADES / CALIFORNIA / THREE SISTERS / PACIFIC OCEAN,"SOUTH SISTER, SUMMIT CONE",44.1,44.1,-121.75,-121.75,SUBAERIAL,,,s SS-19 [4842],ANDESITE [4842],,,,,,,,,VOLCANIC ROCK,,,,,WHOLE_ROCK [4842] ,296821.22500000003,4974.521999999999,,82563.156,,,,41352.36,27587.42,10673.807999999999,697.0122,,18263.300000000003,33309.3793,,,,,,,,,,,,,,,,,19600.,,,,,,,,,,,,,,,,,,,,,,,,,,,,12.1,,95.52,11.1,,,12.94,,,,,,,,,40.59,342,,,,,,,,,,,,,,,1.65,645,20.06,39.52,,,4.63,1.17,,0.63,4.02,,,,2.45,0.35,5.43,0.66,,,,,,,,,,,4.41,1.6,,,,,,,,,,,,,,,,,,,,,,,,,107273,
[4842],CONVERGENT MARGIN,CASCADES / HIGH CASCADES / CALIFORNIA / THREE SISTERS / PACIFIC OCEAN,"SOUTH SISTER, SUMMIT CONE",44.1,44.1,-121.75,-121.75,SUBAERIAL,,,s SS-20 [4842],ANDESITE [4842],,,,,,,,,VOLCANIC ROCK,,,,,WHOLE_ROCK [4842] ,259893.86000000002,7012.277999999999,,94365.4533,,,,64204.979999999996,51386.93,24965.855999999996,1006.7954,,9629.74,29600.0943,,,,,,,,,,,,,,,,,8200.,,,,,,,,,,,,,,,,,,,,,,,,,,,,20.95,,173.15,56.65,,,26.72,,,,,,,,,30.87,526,,,,,,,,,,,,,,,0.57,336,12.3,27.32,,,4.28,1.36,,0.59,5.57,,,,2.01,0.28,3.31,0.43,,,,,,,,,,,1.53,1.44,,,,,,,,,,,,,,,,,,,,,,,,,107274,
[4842],CONVERGENT MARGIN,CASCADES / HIGH CASCADES / CALIFORNIA / THREE SISTERS / PACIFIC OCEAN,"SOUTH SISTER, SUMMIT CONE",44.1,44.1,-121.75,-121.75,SUBAERIAL,,,s SS-21 [4842],ANDESITE [4842],,,,,,,,,VOLCANIC ROCK,,,,,WHOLE_ROCK [4842] ,261529.88250000004,7132.145999999999,,94471.30350000001,,,,64749.090000000004,51386.93,24845.248,1006.7954,,8550.545,30712.879799999995,,,,,,,,,,,,,,,,,4700.,,,,,,,,,,,,,,,,,,,,,,,,,,,,20.81,,171.21,58.25,,,24.96,,,,,,,,,10.03,530,,,,,,,,,,,,,,,0.62,347,12.17,26.97,,,4.08,1.29,,0.85,3.89,,,,1.87,0.2,3.51,0.4,,,,,,,,,,,1.29,1.22,,,,,,,,,,,,,,,,,,,,,,,,,107275,
[4842],CONVERGENT MARGIN,CASCADES / HIGH CASCADES / CALIFORNIA / THREE SISTERS / PACIFIC OCEAN,"SOUTH SISTER, SUMMIT CONE",44.1,44.1,-121.75,-121.75,SUBAERIAL,,,s SS-47 [4842],ANDESITE [4842],,,,,,,,,VOLCANIC ROCK,,,,,WHOLE_ROCK [4842] ,257089.25000000003,7012.277999999999,,94206.67800000001,,,,63971.79,51601.34,24965.855999999996,1006.7954,,8135.47,30193.5799,,,,,,,,,,,,,,,,,3000.,,,,,,,,,,,,,,,,,,,,,,,,,,,,21.13,,169.59,59.02,,,24.2,,,,,,,,,16.58,530,,,,,,,,,,,,,,,0.54,341,12.72,27.9,,,4,1.38,,0.63,3.56,,,,1.98,0.23,3.42,0.48,,,,,,,,,,,1.36,1.38,,,,,,,,,,,,,,,,,,,,,,,,,107276,
[4842],CONVERGENT MARGIN,CASCADES / HIGH CASCADES / CALIFORNIA / THREE SISTERS / PACIFIC OCEAN,"SOUTH SISTER, SUMMIT CONE",44.1,44.1,-121.75,-121.75,SUBAERIAL,,,s SS-48 [4842],ANDESITE [4842],,,,,,,,,VOLCANIC ROCK,,,,,WHOLE_ROCK [4842] ,292146.875,5933.465999999999,,84680.16,,,,46093.89,30303.280000000002,10854.72,851.9038,,16187.925,33606.1221,,,,,,,,,,,,,,,,,20200.,,,,,,,,,,,,,,,,,,,,,,,,,,,,12.95,,110.73,5.63,,,10.85,,,,,,,,,28.64,389,,,,,,,,,,,,,,,1.33,586,18.01,35.62,,,4.37,1.23,,0.5,4.2,,,,2.42,0.33,4.75,0.7,,,,,,,,,,,3.61,1.22,,,,,,,,,,,,,,,,,,,,,,,,,107277,
[4842],CONVERGENT MARGIN,CASCADES / HIGH CASCADES / OREGON / SOUTH SISTER / PACIFIC OCEAN,,44.1,44.1,-121.75,-121.75,SUBAERIAL,,,s SS-1 [4842],RHYOLITE [4842],,,,HOLOCENE [4842],,,,,VOLCANIC ROCK,,,,,WHOLE_ROCK [4842] ,336880.4045,1917.888,,76053.36869999999,,,,18111.09,13793.71,3497.6319999999996,387.22900000000004,,25402.59,33012.6365,,,,,,,,,,,,,,,,,8000.,,,,,,,,,,,,,,,,,,,,,,,,,,,,3.84,,21.71,3.6,,,3.77,,,,,,,,,66.51,227,,,,,,,,,,,,,,,2.94,806,21.47,40.8,,,3.03,0.74,,0.38,2.81,,,,2.06,0.27,4.89,0.85,,,,,,,,,,,7.52,2.57,,,,,,,,,,,,,,,,,,,,,,,,,107278,
[4842],CONVERGENT MARGIN,CASCADES / HIGH CASCADES / OREGON / SOUTH SISTER / PACIFIC OCEAN,,44.1,44.1,-121.75,-121.75,SUBAERIAL,,,s RM-2 [4842],RHYOLITE [4842],,,,HOLOCENE [4842],,,,,VOLCANIC ROCK,,,,,WHOLE_ROCK [4842] ,344639.82550000004,1678.152,,73830.5145,,,,16012.380000000001,12507.25,3015.2,387.22900000000004,,26896.86,31306.365399999995,,,,,,,,,,,,,,,,,6100.,,,,,,,,,,,,,,,,,,,,,,,,,,,,3.43,,18.46,3.55,,,4.62,,,,,,,,,77.64,194,,,,,,,,,,,,,,,3.36,832,21.32,41.91,,,2.96,0.94,,0.34,1.68,,,,1.41,0.3,5.21,0.96,,,,,,,,,,,8.42,3.36,,,,,,,,,,,,,,,,,,,,,,,,,107279,
[4842],CONVERGENT MARGIN,CASCADES / HIGH CASCADES / OREGON / SOUTH SISTER / PACIFIC OCEAN,,44.1,44.1,-121.75,-121.75,SUBAERIAL,,,s RM-4 [4842],RHYOLITE [4842],,,,HOLOCENE [4842],,,,,VOLCANIC ROCK,,,,,WHOLE_ROCK [4842] ,338329.453,1618.218,,74359.76550000001,,,,15546,12221.369999999999,3015.2,387.22900000000004,,27145.905,31454.7368,,,,,,,,,,,,,,,,,11100.000000000002,,,,,,,,,,,,,,,,,,,,,,,,,,,,3.47,,22.02,2.85,,,4.01,,,,,,,,,76.94,,,,,,,,,,,,,,,,3.07,,22.06,40.45,,,2.92,0.62,,0.47,2.19,,,,1.57,0.29,5.03,0.92,,,,,,,,,,,8.28,3.4,,,,,,,,,,,,,,,,,,,,,,,,,107280,
[4842],CONVERGENT MARGIN,CASCADES / HIGH CASCADES / CALIFORNIA / THREE SISTERS / PACIFIC OCEAN,"SOUTH SISTER, SUMMIT CONE",44.1,44.1,-121.75,-121.75,SUBAERIAL,,,s SS-14 [4842],NOT GIVEN [4842],,,,,,,,,VOLCANIC ROCK,,,,,WHOLE_ROCK [4842] ,,,,,,,,,,,,,,,,,,,,,,,,,,,,,,,,,,,,,,,,,,,,,,,,,,,,,,,,,,,20.37,,154.92,56.39,,,23.76,,,,,,,,,16.71,,,,,,,,,,,,,,,,0.62,,12.52,29.78,,,4.19,1.47,,0.4,4.93,,,,2.18,0.3,3.77,0.44,,,,,,,,,,,1.63,1.21,,,,,,,,,,,,,,,,,,,,,,,,,107281,
[4842],CONVERGENT MARGIN,CASCADES / HIGH CASCADES / CALIFORNIA / THREE SISTERS / PACIFIC OCEAN,"SOUTH SISTER, SUMMIT CONE",44.1,44.1,-121.75,-121.75,SUBAERIAL,,,s SS-45 [4842],NOT GIVEN [4842],,,,,,,,,VOLCANIC ROCK,,,,,WHOLE_ROCK [4842] ,,,,,,,,,,,,,,,,,,,,,,,,,,,,,,,,,,,,,,,,,,,,,,,,,,,,,,,,,,,20.18,,153.72,31.67,,,22.99,,,,,,,,,27.41,,,,,,,,,,,,,,,,0.85,,14.69,32.17,,,4.23,1.39,,0.64,5.11,,,,2.1,0.28,4.25,0.5,,,,,,,,,,,2.51,0.77,,,,,,,,,,,,,,,,,,,,,,,,,107282,
[4842],CONVERGENT MARGIN,CASCADES / HIGH CASCADES / CALIFORNIA / THREE SISTERS / PACIFIC OCEAN,"SOUTH SISTER, SUMMIT CONE",44.1,44.1,-121.75,-121.75,SUBAERIAL,,,s SS-49 [4842],NOT GIVEN [4842],,,,,,,,,VOLCANIC ROCK,,,,,WHOLE_ROCK [4842] ,,,,,,,,,,,,,,,,,,,,,,,,,,,,,,,,,,,,,,,,,,,,,,,,,,,,,,,,,,,15.59,,129.55,8.23,,,14.34,,,,,,,,,30.7,,,,,,,,,,,,,,,,2,,19.49,41.13,,,5.1,1.5,,0.66,3.26,,,,2.41,0.4,5,0.79,,,,,,,,,,,3.45,0.89,,,,,,,,,,,,,,,,,,,,,,,,,107283,
[4842],CONVERGENT MARGIN,CASCADES / HIGH CASCADES / CALIFORNIA / THREE SISTERS / PACIFIC OCEAN,"SOUTH SISTER, MAIN CONE",44.1,44.1,-121.75,-121.75,SUBAERIAL,,,s SS-6 [4842],ANDESITE [4842],,,,,,,,,VOLCANIC ROCK,,,,,WHOLE_ROCK [4842] ,,,,,,,,,,,,,,,,,,,,,,,,,,,,,,,,,,,,,,,,,,,,,,,,,,,,,,,,,,,14.42,,113.72,6.3,,,12.21,,,,,,,,,32.93,,,,,,,,,,,,,,,,1.14,,19.01,39.42,,,5.19,1.41,,0.56,5.97,,,,2.58,0.38,4.98,0.71,,,,,,,,,,,3.47,1.04,,,,,,,,,,,,,,,,,,,,,,,,,107284,
[4842],CONVERGENT MARGIN,CASCADES / HIGH CASCADES / CALIFORNIA / THREE SISTERS / PACIFIC OCEAN,"SOUTH SISTER, MAIN CONE",44.1,44.1,-121.75,-121.75,SUBAERIAL,,,s SS-7 [4842],ANDESITE [4842],,,,,,,,,VOLCANIC ROCK,,,,,WHOLE_ROCK [4842] ,,,,,,,,,,,,,,,,,,,,,,,,,,,,,,,,,,,,,,,,,,,,,,,,,,,,,,,,,,,14.98,,113.21,4.58,,,12.49,,,,,,,,,37.05,,,,,,,,,,,,,,,,0.86,,18.33,41.7,,,4.99,1.43,,0.88,4.65,,,,2.41,0.34,5.19,0.67,,,,,,,,,,,3.4,1.5,,,,,,,,,,,,,,,,,,,,,,,,,107285,
[4842],CONVERGENT MARGIN,CASCADES / HIGH CASCADES / CALIFORNIA / THREE SISTERS / PACIFIC OCEAN,"SOUTH SISTER, MAIN CONE",44.1,44.1,-121.75,-121.75,SUBAERIAL,,,s SS-8 [4842],ANDESITE [4842],,,,,,,,,VOLCANIC ROCK,,,,,WHOLE_ROCK [4842] ,,,,,,,,,,,,,,,,,,,,,,,,,,,,,,,,,,,,,,,,,,,,,,,,,,,,,,,,,,,15.58,,111.61,6.79,,,12.61,,,,,,,,,32.61,,,,,,,,,,,,,,,,0.84,,18.26,39.37,,,4.88,1.54,,0.73,5.52,,,,2.7,0.39,5.38,0.61,,,,,,,,,,,3.29,1.95,,,,,,,,,,,,,,,,,,,,,,,,,107286,
[4842],CONVERGENT MARGIN,CASCADES / HIGH CASCADES / CALIFORNIA / THREE SISTERS / PACIFIC OCEAN,"SOUTH SISTER, MAIN CONE",44.1,44.1,-121.75,-121.75,SUBAERIAL,,,s SS-10 [4842],ANDESITE [4842],,,,,,,,,VOLCANIC ROCK,,,,,WHOLE_ROCK [4842] ,,,,,,,,,,,,,,,,,,,,,,,,,,,,,,,,,,,,,,,,,,,,,,,,,,,,,,,,,,,14.26,,106.29,7.25,,,13.3,,,,,,,,,28.86,,,,,,,,,,,,,,,,1.2,,18,37.74,,,4.85,1.5,,0.78,4.17,,,,2.45,0.36,4.91,0.63,,,,,,,,,,,3.05,1.08,,,,,,,,,,,,,,,,,,,,,,,,,107287,
[4842],CONVERGENT MARGIN,CASCADES / HIGH CASCADES / CALIFORNIA / THREE SISTERS / PACIFIC OCEAN,"SOUTH SISTER, MAIN CONE",44.1,44.1,-121.75,-121.75,SUBAERIAL,,,s SS-16 [4842],ANDESITE [4842],,,,,,,,,VOLCANIC ROCK,,,,,WHOLE_ROCK [4842] ,,,,,,,,,,,,,,,,,,,,,,,,,,,,,,,,,,,,,,,,,,,,,,,,,,,,,,,,,,,14.81,,117.92,7.55,,,12.35,,,,,,,,,50.46,,,,,,,,,,,,,,,,1.13,,19.38,38.28,,,5.04,1.46,,0.69,4.59,,,,2.45,0.4,5.23,0.58,,,,,,,,,,,3.54,1.14,,,,,,,,,,,,,,,,,,,,,,,,,107288,
[4842],CONVERGENT MARGIN,CASCADES / HIGH CASCADES / CALIFORNIA / THREE SISTERS / PACIFIC OCEAN,"SOUTH SISTER, MAIN CONE",44.1,44.1,-121.75,-121.75,SUBAERIAL,,,s SS-30 [4842],ANDESITE [4842],,,,,,,,,VOLCANIC ROCK,,,,,WHOLE_ROCK [4842] ,,,,,,,,,,,,,,,,,,,,,,,,,,,,,,,,,,,,,,,,,,,,,,,,,,,,,,,,,,,12.05,,73.03,3.78,,,9.99,,,,,,,,,43.28,,,,,,,,,,,,,,,,1.46,,23.13,46.38,,,5.29,1.45,,0.69,4.11,,,,2.58,0.58,5.77,0.77,,,,,,,,,,,4.46,1.54,,,,,,,,,,,,,,,,,,,,,,,,,107289,
[4842],CONVERGENT MARGIN,CASCADES / HIGH CASCADES / CALIFORNIA / THREE SISTERS / PACIFIC OCEAN,"SOUTH SISTER, MAIN CONE",44.1,44.1,-121.75,-121.75,SUBAERIAL,,,s SS-33 [4842],ANDESITE [4842],,,,,,,,,VOLCANIC ROCK,,,,,WHOLE_ROCK [4842] ,,,,,,,,,,,,,,,,,,,,,,,,,,,,,,,,,,,,,,,,,,,,,,,,,,,,,,,,,,,11.55,,64.94,3.23,,,9.66,,,,,,,,,35.39,,,,,,,,,,,,,,,,1.51,,21.95,43.32,,,4.91,1.41,,0.68,4.94,,,,2.38,0.35,5.83,0.65,,,,,,,,,,,4.42,1.38,,,,,,,,,,,,,,,,,,,,,,,,,107290,
[4842],CONVERGENT MARGIN,CASCADES / HIGH CASCADES / CALIFORNIA / THREE SISTERS / PACIFIC OCEAN,"SOUTH SISTER, MAIN CONE",44.1,44.1,-121.75,-121.75,SUBAERIAL,,,s SS-68 [4842],ANDESITE [4842],,,,,,,,,VOLCANIC ROCK,,,,,WHOLE_ROCK [4842] ,,,,,,,,,,,,,,,,,,,,,,,,,,,,,,,,,,,,,,,,,,,,,,,,,,,,,,,,,,,6.59,,100.99,1.19,,,12.61,,,,,,,,,36.87,,,,,,,,,,,,,,,,0.64,,22.44,45.44,,,5.48,1.57,,0.75,6.69,,,,2.43,0.36,5.38,0.66,,,,,,,,,,,3.62,1,,,,,,,,,,,,,,,,,,,,,,,,,107291,
[4842],CONVERGENT MARGIN,CASCADES / HIGH CASCADES / CALIFORNIA / THREE SISTERS / PACIFIC OCEAN,"SOUTH SISTER, MAIN CONE",44.1,44.1,-121.75,-121.75,SUBAERIAL,,,s SS-69 [4842],ANDESITE [4842],,,,,,,,,VOLCANIC ROCK,,,,,WHOLE_ROCK [4842] ,,,,,,,,,,,,,,,,,,,,,,,,,,,,,,,,,,,,,,,,,,,,,,,,,,,,,,,,,,,14.94,,101.79,2.55,,,12.86,,,,,,,,,35.87,,,,,,,,,,,,,,,,0.86,,25.25,45.69,,,5.71,1.55,,0.83,4.64,,,,2.99,0.41,5.7,0.81,,,,,,,,,,,4.01,1.73,,,,,,,,,,,,,,,,,,,,,,,,,107292,
[4842],CONVERGENT MARGIN,CASCADES / HIGH CASCADES / CALIFORNIA / THREE SISTERS / PACIFIC OCEAN,"SOUTH SISTER, MAIN CONE",44.1,44.1,-121.75,-121.75,SUBAERIAL,,,s SS-70 [4842],ANDESITE [4842],,,,,,,,,VOLCANIC ROCK,,,,,WHOLE_ROCK [4842] ,,,,,,,,,,,,,,,,,,,,,,,,,,,,,,,,,,,,,,,,,,,,,,,,,,,,,,,,,,,15.12,,106.27,3.55,,,12.13,,,,,,,,,28.63,,,,,,,,,,,,,,,,0.98,,20.88,45.01,,,5.15,1.51,,0.74,4.11,,,,2.51,0.37,5.58,0.78,,,,,,,,,,,3.67,1.74,,,,,,,,,,,,,,,,,,,,,,,,,107293,
[4842],CONVERGENT MARGIN,CASCADES / HIGH CASCADES / CALIFORNIA / THREE SISTERS / PACIFIC OCEAN,"SOUTH SISTER, MAIN CONE",44.1,44.1,-121.75,-121.75,SUBAERIAL,,,s SS-73 [4842],ANDESITE [4842],,,,,,,,,VOLCANIC ROCK,,,,,WHOLE_ROCK [4842] ,,,,,,,,,,,,,,,,,,,,,,,,,,,,,,,,,,,,,,,,,,,,,,,,,,,,,,,,,,,15.03,,104.13,3.76,,,13.19,,,,,,,,,35.6,,,,,,,,,,,,,,,,1.29,,21.64,46.02,,,5.36,1.52,,0.76,3.95,,,,2.79,0.41,5.13,0.79,,,,,,,,,,,3.79,1.61,,,,,,,,,,,,,,,,,,,,,,,,,107294,
[4842],CONVERGENT MARGIN,CASCADES / HIGH CASCADES / OREGON / SOUTH SISTER / PACIFIC OCEAN,,44.1,44.1,-121.75,-121.75,SUBAERIAL,,,s SS-26 [4842],RHYODACITE [4842],,,,,,,,,VOLCANIC ROCK,,,,,WHOLE_ROCK [4842] ,,,,,,,,,,,,,,,,,,,,,,,,,,,,,,,,,,,,,,,,,,,,,,,,,,,,,,,,,,,3.22,,14.45,1.86,,,30.31,,,,,,,,,61.42,,,,,,,,,,,,,,,,2.37,,22.3,43.12,,,3.08,0.68,,0.35,2.44,,,,1.71,0.26,5.94,0.95,,,,,,,,,,,6.41,2.79,,,,,,,,,,,,,,,,,,,,,,,,,107295,
[4842],CONVERGENT MARGIN,CASCADES / HIGH CASCADES / OREGON / SOUTH SISTER / PACIFIC OCEAN,,44.1,44.1,-121.75,-121.75,SUBAERIAL,,,s SS-34 [4842],RHYODACITE [4842],,,,,,,,,VOLCANIC ROCK,,,,,WHOLE_ROCK [4842] ,,,,,,,,,,,,,,,,,,,,,,,,,,,,,,,,,,,,,,,,,,,,,,,,,,,,,,,,,,,3.18,,9,1.85,,,4.21,,,,,,,,,51.85,,,,,,,,,,,,,,,,1.16,,20.64,39.28,,,2.87,0.58,,0.3,2.99,,,,1.48,0.27,5.26,0.89,,,,,,,,,,,6.5,2.36,,,,,,,,,,,,,,,,,,,,,,,,,107296,
[4842],CONVERGENT MARGIN,CASCADES / HIGH CASCADES / OREGON / SOUTH SISTER / PACIFIC OCEAN,,44.1,44.1,-121.75,-121.75,SUBAERIAL,,,s SS-52 [4842],RHYODACITE [4842],,,,,,,,,VOLCANIC ROCK,,,,,WHOLE_ROCK [4842] ,,,,,,,,,,,,,,,,,,,,,,,,,,,,,,,,,,,,,,,,,,,,,,,,,,,,,,,,,,,3.18,,15.36,3,,,3.3,,,,,,,,,61.32,,,,,,,,,,,,,,,,2.31,,22.47,42.71,,,2.99,0.65,,0.39,2.07,,,,1.75,0.28,5.86,0.82,,,,,,,,,,,6.24,3.26,,,,,,,,,,,,,,,,,,,,,,,,,107297,
[4842],CONVERGENT MARGIN,CASCADES / HIGH CASCADES / OREGON / SOUTH SISTER / PACIFIC OCEAN,,44.1,44.1,-121.75,-121.75,SUBAERIAL,,,s SS-66 [4842],RHYODACITE [4842],,,,,,,,,VOLCANIC ROCK,,,,,WHOLE_ROCK [4842] ,,,,,,,,,,,,,,,,,,,,,,,,,,,,,,,,,,,,,,,,,,,,,,,,,,,,,,,,,,,3.2,,12.72,3.53,,,6.89,,,,,,,,,64.78,,,,,,,,,,,,,,,,2.41,,22.41,41.92,,,2.97,0.7,,0.34,2.85,,,,1.86,0.29,5.91,0.92,,,,,,,,,,,6.49,2.88,,,,,,,,,,,,,,,,,,,,,,,,,107298,
[4842],CONVERGENT MARGIN,CASCADES / HIGH CASCADES / OREGON / SOUTH SISTER / PACIFIC OCEAN,,44.1,44.1,-121.75,-121.75,SUBAERIAL,,,s SS-75 [4842],RHYODACITE [4842],,,,,,,,,VOLCANIC ROCK,,,,,WHOLE_ROCK [4842] ,,,,,,,,,,,,,,,,,,,,,,,,,,,,,,,,,,,,,,,,,,,,,,,,,,,,,,,,,,,3.34,,18.88,2.14,,,4.51,,,,,,,,,75.7,,,,,,,,,,,,,,,,3.04,,23.18,41.66,,,3.11,0.62,,0.35,2.97,,,,1.7,0.27,4.78,0.9,,,,,,,,,,,8.35,3.68,,,,,,,,,,,,,,,,,,,,,,,,,107299,
[4842],CONVERGENT MARGIN,CASCADES / HIGH CASCADES / OREGON / SOUTH SISTER / PACIFIC OCEAN,,44.1,44.1,-121.75,-121.75,SUBAERIAL,,,s SS-4 [4842],RHYOLITE [4842],,,,HOLOCENE [4842],,,,,VOLCANIC ROCK,,,,,WHOLE_ROCK [4842] ,,,,,,,,,,,,,,,,,,,,,,,,,,,,,,,,,,,,,,,,,,,,,,,,,,,,,,,,,,,3.87,,20.73,5.37,,,4.97,,,,,,,,,58.42,199,,,,,,,,,,,,,,,2.79,843,20.77,40.06,,,2.95,0.73,,0.51,3.14,,,,1.47,0.3,5.04,0.75,,,,,,,,,,,7.3,2.08,,,,,,,,,,,,,,,,,,,,,,,,,107300,
[4842],CONVERGENT MARGIN,CASCADES / HIGH CASCADES / OREGON / SOUTH SISTER / PACIFIC OCEAN,,44.1,44.1,-121.75,-121.75,SUBAERIAL,,,s SS-38 [4842],RHYOLITE [4842],,,,HOLOCENE [4842],,,,,VOLCANIC ROCK,,,,,WHOLE_ROCK [4842] ,,,,,,,,,,,,,,,,,,,,,,,,,,,,,,,,,,,,,,,,,,,,,,,,,,,,,,,,,,,3.66,,21.13,2.24,,,4.99,,,,,,,,,69.05,,,,,,,,,,,,,,,,2.65,,20.62,39.3,,,2.92,0.64,,0.53,2.89,,,,1.98,0.28,4.78,0.83,,,,,,,,,,,7.01,3.82,,,,,,,,,,,,,,,,,,,,,,,,,107301,
[4842],CONVERGENT MARGIN,CASCADES / HIGH CASCADES / OREGON / SOUTH SISTER / PACIFIC OCEAN,,44.1,44.1,-121.75,-121.75,SUBAERIAL,,,s SS-60 [4842],RHYOLITE [4842],,,,HOLOCENE [4842],,,,,VOLCANIC ROCK,,,,,WHOLE_ROCK [4842] ,,,,,,,,,,,,,,,,,,,,,,,,,,,,,,,,,,,,,,,,,,,,,,,,,,,,,,,,,,,3.97,,15.32,3.72,,,4.25,,,,,,,,,65.78,,,,,,,,,,,,,,,,2.75,,22.21,41.03,,,3.09,0.69,,0.42,2.71,,,,1.75,0.29,5.21,0.82,,,,,,,,,,,7.74,3.17,,,,,,,,,,,,,,,,,,,,,,,,,107302,
[4842],CONVERGENT MARGIN,CASCADES / HIGH CASCADES / OREGON / SOUTH SISTER / PACIFIC OCEAN,,44.1,44.1,-121.75,-121.75,SUBAERIAL,,,s SS-62 [4842],RHYOLITE [4842],,,,HOLOCENE [4842],,,,,VOLCANIC ROCK,,,,,WHOLE_ROCK [4842] ,,,,,,,,,,,,,,,,,,,,,,,,,,,,,,,,,,,,,,,,,,,,,,,,,,,,,,,,,,,3.88,,20.18,2.78,,,5.43,,,,,,,,,77.64,,,,,,,,,,,,,,,,2.66,,22.34,39.39,,,3.06,0.66,,0.46,2.62,,,,1.55,0.26,4.99,0.89,,,,,,,,,,,7.49,2.92,,,,,,,,,,,,,,,,,,,,,,,,,107303,
[4842],CONVERGENT MARGIN,CASCADES / HIGH CASCADES / OREGON / SOUTH SISTER / PACIFIC OCEAN,,44.1,44.1,-121.75,-121.75,SUBAERIAL,,,s SS-64 [4842],RHYOLITE [4842],,,,HOLOCENE [4842],,,,,VOLCANIC ROCK,,,,,WHOLE_ROCK [4842] ,,,,,,,,,,,,,,,,,,,,,,,,,,,,,,,,,,,,,,,,,,,,,,,,,,,,,,,,,,,3.87,,17.02,2.94,,,4.14,,,,,,,,,59.91,,,,,,,,,,,,,,,,2.9,,20.97,39.69,,,3.1,0.73,,0.34,2.69,,,,1.87,0.27,4.92,0.85,,,,,,,,,,,7.27,4.29,,,,,,,,,,,,,,,,,,,,,,,,,107304,
[4842],CONVERGENT MARGIN,CASCADES / HIGH CASCADES / OREGON / SOUTH SISTER / PACIFIC OCEAN,,44.1,44.1,-121.75,-121.75,SUBAERIAL,,,s RM-3 [4842],RHYOLITE [4842],,,,HOLOCENE [4842],,,,,VOLCANIC ROCK,,,,,WHOLE_ROCK [4842] ,,,,,,,,,,,,,,,,,,,,,,,,,,,,,,,,,,,,,,,,,,,,,,,,,,,,,,,,,,,3.46,,15.83,2.98,,,3.58,,,,,,,,,80.05,,,,,,,,,,,,,,,,3.05,,22.07,42.78,,,3.04,0.65,,0.35,1.53,,,,2.11,0.29,5.12,0.88,,,,,,,,,,,8.36,2.94,,,,,,,,,,,,,,,,,,,,,,,,,107305,
[4705],CONVERGENT MARGIN,CASCADES / HIGH CASCADES / CALIFORNIA / MEDICINE LAKE VOLCANO / PACIFIC OCEAN,,41.58,41.58,-121.58,-121.58,SUBAERIAL,,,s ML-28 [4705],NOT GIVEN [4705],,,,,,,,"PLAGIOCLASE-OLIVINE CUMULATE, GLOMEROPORPHYRITIC, INTERSERTAL GROUNDMASS [4705] ",VOLCANIC ROCK,,,,,WHOLE_ROCK [4705] ,234231.6785,5214.258,,102304.2183,,52874.64,8783.49,,63036.54,41911.28,1161.687,,3486.6299999999997,22923.381299999997,610.9894,,,,,,,,,,,,,,,,5500.,,,,,,,,,,,,,,,,,,,,,,,,,,,,,,137,,,,,136,,,,,,,,3,756,12,137,,,,,,,,,,,,,,330,,,,,,,,,,,,,,,,,,,,,,,,,,,,,,,,,,,,,,,,,,,,,,,,,,,,,107347,
[4705],CONVERGENT MARGIN,CASCADES / HIGH CASCADES / CALIFORNIA / MEDICINE LAKE VOLCANO / PACIFIC OCEAN,,41.58,41.58,-121.58,-121.58,SUBAERIAL,,,s ML-74-33A [4705],NOT GIVEN [4705],,,,,,,,"CUMULATE, GLOMEROPORPHYRITIC, INTERSERTAL GROUNDMASS [4705] ",VOLCANIC ROCK,,,,,WHOLE_ROCK [4705] ,245543.60550000003,10128.846,,87167.6397,,30353.96,50135.85,,56175.420000000006,23337.648,1239.1328,,7803.41,33754.4935,1658.3998000000001,,,,,,,,,,,,,,,,4200.,,,,,,,,,,,,,,,,,,,,,,,,,,,,,,287,,,,,9,,,,,,,,,521,28,200,,,,,,,,,,,,,,560,,,,,,,,,,,,,,,,,,,,,,,,,,,,,,,,,,,,,,,,,,,,,,,,,,,,,107349,
[4705],CONVERGENT MARGIN,CASCADES / HIGH CASCADES / CALIFORNIA / MEDICINE LAKE VOLCANO / PACIFIC OCEAN,,41.58,41.58,-121.58,-121.58,SUBAERIAL,,,s 36-6E [4705],ANDESITE [4705],,,,,,,,,VOLCANIC ROCK,,,,,WHOLE_ROCK [4705] ,248909.1375,8210.958,,91242.8724,,16226.079999999998,49047.63,,58390.99,24181.904,1161.687,,7056.275,29748.465699999997,829.1999000000001,,,,,,,,,,,,,,,,14700.,,,,,,,,,,,,,,,,,,,,,,,,,,,,,,246,,,,,12,,,,,,,,11,657,26,192,,,,,,,,,,,,,,595,,,,,,,,,,,,,,,,,,,,,,,,,,,,,,,,,,,,,,,,,,,,,,,,,,,,,107350,
[4705],CONVERGENT MARGIN,CASCADES / HIGH CASCADES / CALIFORNIA / MEDICINE LAKE VOLCANO / PACIFIC OCEAN,,41.58,41.58,-121.58,-121.58,SUBAERIAL,,,s 319-D-1 [4705],ANDESITE [4705],,,,,,,,,VOLCANIC ROCK,,,,,WHOLE_ROCK [4705] ,251012.59500000003,6472.872,,96588.30750000001,,20842.12,39642.299999999996,,60177.74,31056.56,1161.687,,7305.32,28338.9374,698.2736,,,,,,,,,,,,,,,,7500.,,,,,,,,,,,,,,,,,,,,,,,,,,,,,,190,,,,,30,,,,,,,,10,699,12,148,,,,,,,,,,,,,,365,,,,,,,,,,,,,,,,,,,,,,,,,,,,,,,,,,,,,,,,,,,,,,,,,,,,,107351,
[4705],CONVERGENT MARGIN,CASCADES / HIGH CASCADES / CALIFORNIA / MEDICINE LAKE VOLCANO / PACIFIC OCEAN,,41.58,41.58,-121.58,-121.58,SUBAERIAL,,,s SM-75-44 [4705],ANDESITE [4705],,,,,,,,,VOLCANIC ROCK,,,,,WHOLE_ROCK [4705] ,259052.47700000004,7551.683999999999,,86426.6883,,23849.54,39253.65,,53531.03,26413.152,1161.687,,9380.695,29229.1658,785.5577999999999,,,,,,,,,,,,,,,,4800.,,,,,,,,,,,,,,,,,,,,,,,,,,,,,,221,,,,,10,,,,,,,,23,615,21,178,,,,,,,,,,,,,,475,,,,,,,,,,,,,,,,,,,,,,,,,,,,,,,,,,,,,,,,,,,,,,,,,,,,,107352,
[4705],CONVERGENT MARGIN,CASCADES / HIGH CASCADES / CALIFORNIA / MEDICINE LAKE VOLCANO / PACIFIC OCEAN,,41.58,41.58,-121.58,-121.58,SUBAERIAL,,,s 205-C-1 [4705],ANDESITE [4705],,,,,,,,,VOLCANIC ROCK,,,,,WHOLE_ROCK [4705] ,259753.6295,9169.902,,94947.6294,,25598.04,41352.36,,48528.13,20563.664,1239.1328,,9463.71,32344.965200000002,916.4841,,,,,,,,,,,,,,,,8800.,,,,,,,,,,,,,,,,,,,,,,,,,,,,,,265,,,,,,,,,,,,,27,603,15,186,,,,,,,,,,,,,,575,,,,,,,,,,,,,,,,,,,,,,,,,,,,,,,,,,,,,,,,,,,,,,,,,,,,,107353,
[4705],CONVERGENT MARGIN,CASCADES / HIGH CASCADES / CALIFORNIA / MEDICINE LAKE VOLCANO / PACIFIC OCEAN,,41.58,41.58,-121.58,-121.58,SUBAERIAL,,,s ML-74-34A [4705],ANDESITE [4705],,,,,,,,,VOLCANIC ROCK,,,,,WHOLE_ROCK [4705] ,261389.65200000003,9649.374,,93306.9513,,20842.12,41196.9,,43453.76,15920.256,1161.687,,10127.83,34867.279,1352.9051,,,,,,,,,,,,,,,,7300.,,,,,,,,,,,,,,,,,,,,,,,,,,,,,,232,,,,,1,,,,,,,,18,582,21,206,,,,,,,,,,,,,,600,,,,,,,,,,,,,,,,,,,,,,,,,,,,,,,,,,,,,,,,,,,,,,,,,,,,,107355,
[4705],CONVERGENT MARGIN,CASCADES / HIGH CASCADES / CALIFORNIA / MEDICINE LAKE VOLCANO / PACIFIC OCEAN,,41.58,41.58,-121.58,-121.58,SUBAERIAL,,,s SM-75-211 [4705],ANDESITE [4705],,,,,,,,,VOLCANIC ROCK,,,,,WHOLE_ROCK [4705] ,266671.6675,7132.145999999999,,91666.27320000001,,13988,48658.979999999996,,45812.270000000004,17970.592,1161.687,,12203.205,31157.994,1003.7683000000001,,,,,,,,,,,,,,,,3800.,,,,,,,,,,,,,,,,,,,,,,,,,,,,,,190,,,,,6,,,,,,,,40,553,12,207,,,,,,,,,,,,,,450,,,,,,,,,,,,,,,,,,,,,,,,,,,,,,,,,,,,,,,,,,,,,,,,,,,,,107356,
[4705],CONVERGENT MARGIN,CASCADES / HIGH CASCADES / CALIFORNIA / MEDICINE LAKE VOLCANO / PACIFIC OCEAN,,41.58,41.58,-121.58,-121.58,SUBAERIAL,,,s SM-75-54 [4705],ANDESITE [4705],,,,,,,,,VOLCANIC ROCK,,,,,WHOLE_ROCK [4705] ,251713.74750000003,6053.334,,97329.2589,,23220.079999999998,38243.159999999996,,58819.810000000005,28161.967999999997,1239.1328,,6392.155,29748.465699999997,698.2736,,,,,,,,,,,,,,,,8400.,,,,,,,,,,,,,,,,,,,,,,,,,,,,,,171,,,,,31,,,,,,,,8,685,13,158,,,,,,,,,,,,,,405,,,,,,,,,,,,,,,,,,,,,,,,,,,,,,,,,,,,,,,,,,,,,,,,,,,,,107358,
[4705],CONVERGENT MARGIN,CASCADES / HIGH CASCADES / CALIFORNIA / MEDICINE LAKE VOLCANO / PACIFIC OCEAN,,41.58,41.58,-121.58,-121.58,SUBAERIAL,,,s ML-74-35 [4705],ANDESITE [4705],,,,,,,,,VOLCANIC ROCK,,,,,WHOLE_ROCK [4705] ,253910.692,7851.354,,92354.2995,,39795.86,22308.510000000002,,52530.45,23217.04,1239.1328,,7720.395,32641.708000000002,872.8420000000001,,,,,,,,,,,,,,,,7900.,,,,,,,,,,,,,,,,,,,,,,,,,,,,,,207,,,,,6,,,,,,,,16,612,14,179,,,,,,,,,,,,,,510,,,,,,,,,,,,,,,,,,,,,,,,,,,,,,,,,,,,,,,,,,,,,,,,,,,,,107359,
[4705],CONVERGENT MARGIN,CASCADES / HIGH CASCADES / CALIFORNIA / MEDICINE LAKE VOLCANO / PACIFIC OCEAN,,41.58,41.58,-121.58,-121.58,SUBAERIAL,,,s SM-75-209 [4705],ANDESITE [4705],,,,,,,,,VOLCANIC ROCK,,,,,WHOLE_ROCK [4705] ,256060.893,7491.75,,94206.67800000001,,19233.5,41974.200000000004,,50886.64,20925.488,1239.1328,,8882.605000000001,32270.779499999997,785.5577999999999,,,,,,,,,,,,,,,,8700.,,,,,,,,,,,,,,,,,,,,,,,,,,,,,,218,,,,,7,,,,,,,,21,644,25,175,,,,,,,,,,,,,,460,,,,,,,,,,,,,,,,,,,,,,,,,,,,,,,,,,,,,,,,,,,,,,,,,,,,,107360,
[4705],CONVERGENT MARGIN,CASCADES / HIGH CASCADES / CALIFORNIA / MEDICINE LAKE VOLCANO / PACIFIC OCEAN,,41.58,41.58,-121.58,-121.58,SUBAERIAL,,,s SM-75-52 [4705],ANDESITE [4705],,,,,,,,,VOLCANIC ROCK,,,,,WHOLE_ROCK [4705] ,256668.5585,6652.674,,95159.3298,,14617.46,46404.81,,57104.53,26835.28,1161.687,,7222.305,30416.136999999995,785.5577999999999,,,,,,,,,,,,,,,,7300.,,,,,,,,,,,,,,,,,,,,,,,,,,,,,,195,,,,,17,,,,,,,,20,656,15,166,,,,,,,,,,,,,,395,,,,,,,,,,,,,,,,,,,,,,,,,,,,,,,,,,,,,,,,,,,,,,,,,,,,,107361,
[4705],CONVERGENT MARGIN,CASCADES / HIGH CASCADES / CALIFORNIA / MEDICINE LAKE VOLCANO / PACIFIC OCEAN,,41.58,41.58,-121.58,-121.58,SUBAERIAL,,,s 88-B-1 [4705],ANDESITE [4705],,,,,,,,,VOLCANIC ROCK,,,,,WHOLE_ROCK [4705] ,257089.25000000003,8570.562,,95794.43100000001,,32312.280000000002,31247.459999999995,,49886.060000000005,21830.048,1161.687,,9546.724999999999,35831.6931,1047.4104,,,,,,,,,,,,,,,,4000.,,,,,,,,,,,,,,,,,,,,,,,,,,,,,,238,,,,,7,,,,,,,,13,629,21,172,,,,,,,,,,,,,,540,,,,,,,,,,,,,,,,,,,,,,,,,,,,,,,,,,,,,,,,,,,,,,,,,,,,,107362,
[4705],CONVERGENT MARGIN,CASCADES / HIGH CASCADES / CALIFORNIA / MEDICINE LAKE VOLCANO / PACIFIC OCEAN,,41.58,41.58,-121.58,-121.58,SUBAERIAL,,,s ML-74-34C [4705],ANDESITE [4705],,,,,,,,,VOLCANIC ROCK,,,,,WHOLE_ROCK [4705] ,258211.09400000004,7371.882,,93042.32579999999,,18673.98,43451.07,,53673.97,23337.648,1239.1328,,8052.455,36870.29289999999,916.4841,,,,,,,,,,,,,,,,5200.,,,,,,,,,,,,,,,,,,,,,,,,,,,,,,217,,,,,2,,,,,,,,20,588,14,181,,,,,,,,,,,,,,515,,,,,,,,,,,,,,,,,,,,,,,,,,,,,,,,,,,,,,,,,,,,,,,,,,,,,107363,
[4705],CONVERGENT MARGIN,CASCADES / HIGH CASCADES / CALIFORNIA / MEDICINE LAKE VOLCANO / PACIFIC OCEAN,,41.58,41.58,-121.58,-121.58,SUBAERIAL,,,s ML-43 [4705],ANDESITE [4705],,,,,,,,,VOLCANIC ROCK,,,,,WHOLE_ROCK [4705] ,266718.411,8270.891999999998,,89284.64370000002,,15456.74,46638,,45812.270000000004,21468.224,1161.687,,10708.935,35312.3932,916.4841,,,,,,,,,,,,,,,,5699.999999999999,,,,,,,,,,,,,,,,,,,,,,,,,,,,,,208,,,,,14,,,,,,,,28,607,24,210,,,,,,,,,,,,,,550,,,,,,,,,,,,,,,,,,,,,,,,,,,,,,,,,,,,,,,,,,,,,,,,,,,,,107364,
[4705],CONVERGENT MARGIN,CASCADES / HIGH CASCADES / CALIFORNIA / MEDICINE LAKE VOLCANO / PACIFIC OCEAN,,41.58,41.58,-121.58,-121.58,SUBAERIAL,,,s 26-16M [4705],ANDESITE [4705],,,,,,,,,VOLCANIC ROCK,,,,,WHOLE_ROCK [4705] ,268447.9205,8390.759999999998,,88861.2429,,15386.800000000001,46560.270000000004,,50600.76,16523.296000000002,1161.687,,11040.995,31899.851,960.1262,,,,,,,,,,,,,,,,3600.,,,,,,,,,,,,,,,,,,,,,,,,,,,,,,201,,,,,9,,,,,,,,25,637,45,211,,,,,,,,,,,,,,550,,,,,,,,,,,,,,,,,,,,,,,,,,,,,,,,,,,,,,,,,,,,,,,,,,,,,107365,
[4705],CONVERGENT MARGIN,CASCADES / HIGH CASCADES / CALIFORNIA / MEDICINE LAKE VOLCANO / PACIFIC OCEAN,,41.58,41.58,-121.58,-121.58,SUBAERIAL,,,s SM-75-248 [4705],ANDESITE [4705],,,,,,,,,VOLCANIC ROCK,,,,,WHOLE_ROCK [4705] ,273542.96200000006,9949.043999999998,,94735.92899999999,,13988,39875.49,,34234.13,12000.496,1239.1328,,13199.385,38724.935399999995,1527.4734999999998,,,,,,,,,,,,,,,,13200.,,,,,,,,,,,,,,,,,,,,,,,,,,,,,,159,,,,,,,,,,,,,39,490,30,233,,,,,,,,,,,,,,795,,,,,,,,,,,,,,,,,,,,,,,,,,,,,,,,,,,,,,,,,,,,,,,,,,,,,107366,
[4705],CONVERGENT MARGIN,CASCADES / HIGH CASCADES / CALIFORNIA / MEDICINE LAKE VOLCANO / PACIFIC OCEAN,,41.58,41.58,-121.58,-121.58,SUBAERIAL,,,s 22-2B [4705],ANDESITE [4705],,,,,,,,,VOLCANIC ROCK,,,,,WHOLE_ROCK [4705] ,275132.24100000004,9229.836,,83409.95760000001,,14407.640000000001,43761.99,,35877.939999999995,11638.671999999999,1316.5786,,14527.625,35089.8361,1527.4734999999998,,,,,,,,,,,,,,,,9300.,,,,,,,,,,,,,,,,,,,,,,,,,,,,,,144,,,,,1,,,,,,,,31,503,36,256,,,,,,,,,,,,,,845,,,,,,,,,,,,,,,,,,,,,,,,,,,,,,,,,,,,,,,,,,,,,,,,,,,,,107367,
[4705],CONVERGENT MARGIN,CASCADES / HIGH CASCADES / CALIFORNIA / MEDICINE LAKE VOLCANO / PACIFIC OCEAN,,41.58,41.58,-121.58,-121.58,SUBAERIAL,,,s 15-15-A2 [4705],ANDESITE [4705],,,,,,,,,VOLCANIC ROCK,,,,,WHOLE_ROCK [4705] ,277001.981,8570.562,,88226.14170000001,,13498.42,40808.25,,35306.18,9467.728,1239.1328,,14112.55,37908.892700000004,1789.3261,,,,,,,,,,,,,,,,12900.,,,,,,,,,,,,,,,,,,,,,,,,,,,,,,115,,,,,3,,,,,,,,24,498,41,267,,,,,,,,,,,,,,860,,,,,,,,,,,,,,,,,,,,,,,,,,,,,,,,,,,,,,,,,,,,,,,,,,,,,107368,
[4705],CONVERGENT MARGIN,CASCADES / HIGH CASCADES / CALIFORNIA / MEDICINE LAKE VOLCANO / PACIFIC OCEAN,,41.58,41.58,-121.58,-121.58,SUBAERIAL,,,s 15-4-3 [4705],ANDESITE [4705],,,,,,,,,VOLCANIC ROCK,,,,,WHOLE_ROCK [4705] ,278591.26,9649.374,,86955.9393,,28045.94,27438.69,,36664.11,13689.008,1161.687,,12784.31,40876.3207,2094.8208,,,,,,,,,,,,,,,,2300.,,,,,,,,,,,,,,,,,,,,,,,,,,,,,,144,,,,,1,,,,,,,,25,526,38,244,,,,,,,,,,,,,,808,,,,,,,,,,,,,,,,,,,,,,,,,,,,,,,,,,,,,,,,,,,,,,,,,,,,,107370,
[4705],CONVERGENT MARGIN,CASCADES / HIGH CASCADES / CALIFORNIA / MEDICINE LAKE VOLCANO / PACIFIC OCEAN,,41.58,41.58,-121.58,-121.58,SUBAERIAL,,,s SM-75-31 [4705],ANDESITE [4705],,,,,,,,,VOLCANIC ROCK,,,,,WHOLE_ROCK [4705] ,280040.3085,9289.77,,93942.0525,,19932.9,33268.44,,33519.43,12543.232,1316.5786,,13116.37,36796.1072,1571.1155999999999,,,,,,,,,,,,,,,,2200.,,,,,,,,,,,,,,,,,,,,,,,,,,,,,,135,,,,,,,,,,,,,32,493,32,256,,,,,,,,,,,,,,768,,,,,,,,,,,,,,,,,,,,,,,,,,,,,,,,,,,,,,,,,,,,,,,,,,,,,107372,
[4705],CONVERGENT MARGIN,CASCADES / HIGH CASCADES / CALIFORNIA / MEDICINE LAKE VOLCANO / PACIFIC OCEAN,,41.58,41.58,-121.58,-121.58,SUBAERIAL,,,s 22-7E [4705],ANDESITE [4705],,,,,,,,,VOLCANIC ROCK,,,,,WHOLE_ROCK [4705] ,280133.7955,9169.902,,86744.23890000001,,13638.3,41352.36,,34805.89,11578.367999999999,1239.1328,,13033.355000000001,36573.55009999999,1571.1155999999999,,,,,,,,,,,,,,,,7900.,,,,,,,,,,,,,,,,,,,,,,,,,,,,,,136,,,,,6,,,,,,,,34,493,21,262,,,,,,,,,,,,,,820,,,,,,,,,,,,,,,,,,,,,,,,,,,,,,,,,,,,,,,,,,,,,,,,,,,,,107373,
[4705],CONVERGENT MARGIN,CASCADES / HIGH CASCADES / CALIFORNIA / MEDICINE LAKE VOLCANO / PACIFIC OCEAN,,41.58,41.58,-121.58,-121.58,SUBAERIAL,,,s ML-15 [4705],ANDESITE [4705],,,,,,,,,VOLCANIC ROCK,,,,,WHOLE_ROCK [4705] ,281349.1265,8990.099999999999,,86691.3138,,4266.34,49047.63,,34091.189999999995,14111.135999999999,1161.687,,13531.445,39318.420999999995,1265.6209,,,,,,,,,,,,,,,,6800.000000000001,,,,,,,,,,,,,,,,,,,,,,,,,,,,,,135,,,,,7,,,,,,,,26,484,32,250,,,,,,,,,,,,,,877,,,,,,,,,,,,,,,,,,,,,,,,,,,,,,,,,,,,,,,,,,,,,,,,,,,,,107375,
[4705],CONVERGENT MARGIN,CASCADES / HIGH CASCADES / CALIFORNIA / MEDICINE LAKE VOLCANO / PACIFIC OCEAN,,41.58,41.58,-121.58,-121.58,SUBAERIAL,,,s 22-7D [4705],ANDESITE [4705],,,,,,,,,VOLCANIC ROCK,,,,,WHOLE_ROCK [4705] ,282938.40550000005,9169.902,,88014.44129999999,,13498.42,40885.979999999996,,34805.89,12603.535999999998,1239.1328,,13116.37,40727.9493,1396.5472,,,,,,,,,,,,,,,,4900.,,,,,,,,,,,,,,,,,,,,,,,,,,,,,,145,,,,,6,,,,,,,,36,495,11,263,,,,,,,,,,,,,,835,,,,,,,,,,,,,,,,,,,,,,,,,,,,,,,,,,,,,,,,,,,,,,,,,,,,,107376,
[4705],CONVERGENT MARGIN,CASCADES / HIGH CASCADES / CALIFORNIA / MEDICINE LAKE VOLCANO / PACIFIC OCEAN,,41.58,41.58,-121.58,-121.58,SUBAERIAL,,,s 8-9-B-1 [4705],ANDESITE [4705],,,,,,,,,VOLCANIC ROCK,,,,,WHOLE_ROCK [4705] ,284106.993,8750.364,,87908.5911,,13218.66,43606.530000000006,,32161.5,12482.927999999998,1239.1328,,14527.625,42063.2919,1702.0419000000002,,,,,,,,,,,,,,,,5900.,,,,,,,,,,,,,,,,,,,,,,,,,,,,,,123,,,,,5,,,,,,,,39,474,41,283,,,,,,,,,,,,,,922,,,,,,,,,,,,,,,,,,,,,,,,,,,,,,,,,,,,,,,,,,,,,,,,,,,,,107377,
[4705],CONVERGENT MARGIN,CASCADES / HIGH CASCADES / CALIFORNIA / MEDICINE LAKE VOLCANO / PACIFIC OCEAN,,41.58,41.58,-121.58,-121.58,SUBAERIAL,,,s 22-12F [4705],ANDESITE [4705],,,,,,,,,VOLCANIC ROCK,,,,,WHOLE_ROCK [4705] ,284574.428,9169.902,,87908.5911,,13638.3,41352.36,,35234.71,13085.967999999999,1239.1328,,13531.445,39911.906599999995,1527.4734999999998,,,,,,,,,,,,,,,,5100.,,,,,,,,,,,,,,,,,,,,,,,,,,,,,,140,,,,,4,,,,,,,,23,506,46,262,,,,,,,,,,,,,,870,,,,,,,,,,,,,,,,,,,,,,,,,,,,,,,,,,,,,,,,,,,,,,,,,,,,,107379,
[4705],CONVERGENT MARGIN,CASCADES / HIGH CASCADES / CALIFORNIA / MEDICINE LAKE VOLCANO / PACIFIC OCEAN,,41.58,41.58,-121.58,-121.58,SUBAERIAL,,,s 22-7C [4705],ANDESITE [4705],,,,,,,,,VOLCANIC ROCK,,,,,WHOLE_ROCK [4705] ,284667.91500000004,8990.099999999999,,86426.6883,,13428.48,40497.33,,34305.6,12060.8,1239.1328,,13946.519999999999,35015.6504,1832.9682,,,,,,,,,,,,,,,,11800.,,,,,,,,,,,,,,,,,,,,,,,,,,,,,,138,,,,,5,,,,,,,,32,497,35,263,,,,,,,,,,,,,,895,,,,,,,,,,,,,,,,,,,,,,,,,,,,,,,,,,,,,,,,,,,,,,,,,,,,,107380,
[4705],CONVERGENT MARGIN,CASCADES / HIGH CASCADES / CALIFORNIA / MEDICINE LAKE VOLCANO / PACIFIC OCEAN,,41.58,41.58,-121.58,-121.58,SUBAERIAL,,,s 143-C-1 [4705],ANDESITE [4705],,,,,,,,,VOLCANIC ROCK,,,,,WHOLE_ROCK [4705] ,290791.31350000005,6892.409999999999,,90343.14570000001,,10001.42,33035.25,,26086.55,8321.952,1161.687,,15025.715,42285.849,1047.4104,,,,,,,,,,,,,,,,3200.,,,,,,,,,,,,,,,,,,,,,,,,,,,,,,69,,,,,,,,,,,,,38,399,33,263,,,,,,,,,,,,,,953,,,,,,,,,,,,,,,,,,,,,,,,,,,,,,,,,,,,,,,,,,,,,,,,,,,,,107381,
[4705],CONVERGENT MARGIN,CASCADES / HIGH CASCADES / CALIFORNIA / MEDICINE LAKE VOLCANO / PACIFIC OCEAN,DOME QUADRANGLE,41.58,41.58,-121.58,-121.58,SUBAERIAL,,,s SM-75-69B [4705],NOT GIVEN [4705],,,,,,,,,VOLCANIC ROCK,,,,,WHOLE_ROCK [4705] ,,,,,,,,,,,,,913.165,,,,,,,,,,,,,,,,,,,,,,,,,,,,,,,,,,,,,,,,,,,,,,,,,,,,,,,,,,,,,,,,,,,,,,,,,,,,,,,,,,,,,,,,,,,,,,,,,,,,,,,,,,,,,,,,,,,,,,,,,,,,,,,,,,,107382,
[4452],CONVERGENT MARGIN,CASCADES / HIGH CASCADES / OREGON / PACIFIC OCEAN,,44.3908,44.3908,-121.5396,-121.5396,SUBAERIAL,,,s RCDS-197 [4452],"BASALT, CALC-ALKALINE [4452]",,,,,,,,,VOLCANIC ROCK,,,,,WHOLE_ROCK [4452] ,240168.10300000003,8510.627999999999,,88861.2429,,,,57908.85,67967.97,49388.975999999995,1006.7954,,9380.695,26484.294899999997,1920.2524,,,,,,,,,,,,,,,,,,,,,,,,,,,,,,,,,,,,,,,,,,,,23.4,,204,256,,,39.9,,47,80,17,,,,,21,924,21,209,10.3,,,,,,,,,,,,,552,37,85.5,,45,8.2,2.12,,0.8,,,,,1.51,0.22,4.76,0.55,,,,,,,,,0,,6.06,1.65,,,,,,,,,,,,,,,,,,,,,,,,,107423,
[4452],CONVERGENT MARGIN,CASCADES / HIGH CASCADES / OREGON / PACIFIC OCEAN,,45.5095,45.5095,-121.7366,-121.7366,SUBAERIAL,,,s 92TB16 [4452],"BASALT, CALC-ALKALINE [4452]",,,,,,,,,VOLCANIC ROCK,,,,,WHOLE_ROCK [4452] ,243393.40450000003,7911.288,,87273.4899,,,,63349.950000000004,62607.72,47579.85599999999,1006.7954,,9961.8,26929.409099999997,1571.1155999999999,,,,,,,,,,,,,,,,,,,,,,,,,,,,,,,,,,,,,,,,,,,,23.5,,196,327,,,46.8,200,67,81,,,,,,12.6,996,17,150,13,,,,,,,,,,,,,349,26.5,63.2,,25.7,6.2,1.82,,0.4,,,,,1.46,0.22,4.04,0.88,,,,,,,,,,,3.6,,,,,,,,,,,,,,,,,,,,,,,,,,107424,
[4452],CONVERGENT MARGIN,CASCADES / HIGH CASCADES / OREGON / PACIFIC OCEAN,,46.396,46.396,-121.7145,-121.7145,SUBAERIAL,,,s DS91-65 [4452],"BASALT, CALC-ALKALINE [4452]",,,,,,,,,VOLCANIC ROCK,,,,,WHOLE_ROCK [4452] ,235587.24000000002,7791.42,,87273.4899,,,,65293.200000000004,69611.78,51379.007999999994,1084.2412000000002,,10459.89,24555.4667,1832.9682,,,,,,,,,,,,,,,,,,,,,,,,,,,,,,,,,,,,,,,,,,,,,,205,355,,,42.7,156,62,79,,,,,,22,723,23,190,14,,,,,,,,,,,,,384,27.9,64.6,,34.1,6.72,1.89,,0.7,,,,,2.32,0.31,4.38,0.77,,,,,,,,,,,4.16,1.38,,,,,,,,,,,,,,,,,,,,,,,,,107425,
[4452],CONVERGENT MARGIN,CASCADES / HIGH CASCADES / OREGON / PACIFIC OCEAN,,45.5158,45.5158,-121.7123,-121.7123,SUBAERIAL,,,s RC-MTBRP [4452],"BASALT, CALC-ALKALINE [4452]",,,,,,,,,VOLCANIC ROCK,,,,,WHOLE_ROCK [4452] ,249797.264,7192.079999999999,,87802.7409,,,,56898.36,59605.979999999996,43720.399999999994,929.3496,,11954.16,28635.6802,1920.2524,,,,,,,,,,,,,,,,,,,,,,,,,,,,,,,,,,,,,,,,,,,,20,,161,224,,,,158,50,111,18,,,,,11,1253,20,198,11.4,,,,,,,,,,,,,371,,73,,,,,,,,,,,,,,,,,,,,,,,6,,3,,,,,,,,,,,,,,,,,,,,,,,,,,107426,
[4452],CONVERGENT MARGIN,CASCADES / HIGH CASCADES / OREGON / PACIFIC OCEAN,,44.3616,44.3616,-121.7606,-121.7606,SUBAERIAL,,,s RCT-TFJ1 [4452],"BASALT, CALC-ALKALINE [4452]",,,,,,,,,VOLCANIC ROCK,,,,,WHOLE_ROCK [4452] ,234886.08750000002,6892.409999999999,,86162.06280000001,,,,63039.03,69468.84000000001,56746.064,1084.2412000000002,,11871.144999999999,23220.124099999997,1614.7576999999999,,,,,,,,,,,,,,,,,,,,,,,,,,,,,,,,,,,,,,,,,,,,27.1,,177,341,,,43,190,98,74,10,,,,,6.4,1575,20.3,143,4.4,,,,,,,,,,,,0.12,739,21.6,50.8,7.1,31.9,6.28,2.02,4.41,0.68,4.02,0.77,2.11,0.28,1.76,0.28,3.68,0.45,,,,,,,,,5,,0.74,0.32,,,,,,,,,,,,,,,,,,,,,,,,,107427,
[4452],CONVERGENT MARGIN,CASCADES / HIGH CASCADES / OREGON / PACIFIC OCEAN,,44.588,44.588,-121.346,-121.346,SUBAERIAL,,,s RC93-50 [4452],ABSAROKITE [4452],,,,,,,,,VOLCANIC ROCK,,,,,WHOLE_ROCK [4452] ,234558.88300000003,9289.77,,74994.8667,,,,52778.67,73757.04000000001,58917.007999999994,851.9038,,25734.65,20994.5531,5149.7678,,,,,,,,,,,,,,,,,,,,,,,,,,,,,,,,,,,,,,,,,,,,20,,118,222,,,409,77,83,103,15,,,,,30.6,3329,17,303,7.6,,,,,,,,,,,,0.17,2322,86.1,191,26.8,110,17.1,4.43,10,1.02,4.33,0.65,1.5,0.19,1.1,0.16,7.81,0.41,,,,,,,,,14,,7.81,2.37,,,,,,,,,,,,,,,,,,,,,,,,,107429,
[4452],CONVERGENT MARGIN,CASCADES / HIGH CASCADES / OREGON / PACIFIC OCEAN,,45.228,45.228,-122.182,-122.182,SUBAERIAL,,,s RMC92-1 [4452],ABSAROKITE [4452],,,,,,,,,VOLCANIC ROCK,,,,,WHOLE_ROCK [4452] ,232735.88650000002,8210.958,,81081.2532,,,,64749.090000000004,72970.87000000001,51077.488,1006.7954,,14610.64,28932.423,3185.8732999999997,,,,,,,,,,,,,,,,,,,,,,,,,,,,,,,,,,,,,,,,,,,,21,,205,251,,,39.6,159,78,108,21,,,,,9,3096,18,179,9.5,,,,,,,,,,,,,1343,56.9,132,,57.5,11.4,3.24,,0.9,,,,,1.45,0.21,3.9,0.65,,,,,,,,,10,,3.37,0.8,,,,,,,,,,,,,,,,,,,,,,,,,107430,
[4452],CONVERGENT MARGIN,CASCADES / HIGH CASCADES / OREGON / PACIFIC OCEAN,,46.228,46.228,-121.825,-121.825,SUBAERIAL,,,s DS90-47 [4452],ABSAROKITE [4452],,,,,,,,,VOLCANIC ROCK,,,,,WHOLE_ROCK [4452] ,235026.31800000003,7731.486,,80816.6277,,,,56121.06,74614.68,47278.335999999996,851.9038,,18927.42,32344.965200000002,3884.1469,,,,,,,,,,,,,,,,,,,,,,,,,,,,,,,,,,,,,,,,,,,,19.1,,203,222,,,39.6,194,91,108,,,,,,11.5,3655,19,194,10,,,,,,,,,,,,,1873,86.4,205,,101,17.3,4.67,,0.9,,,,,1.44,0.23,5.34,0.55,,,,,,,,,,,3.76,,,,,,,,,,,,,,,,,,,,,,,,,,107431,
[4452],CONVERGENT MARGIN,CASCADES / HIGH CASCADES / OREGON / PACIFIC OCEAN,,43.3365,43.3365,-122.2113,-122.2113,SUBAERIAL,,,s RC94-78 [4452],"ANDESITE, BASALTIC [4452]",,,,,,,,,VOLCANIC ROCK,,,,,WHOLE_ROCK [4452] ,250077.725,3536.1059999999998,,69331.881,,,,57520.200000000004,56818.65,87561.408,1084.2412000000002,,3486.6299999999997,16840.1539,436.42100000000005,,,,,,,,,,,,,,,,,,,,,,,,,,,,,,,,,,,,,,,,,,,,29,,161,1288,,,,317,49,58,13,,,,,5.6,641,9.9,71,2.2,,,,,,,,,,,,0.05,89,6,12.9,1.8,7.7,1.87,0.7,1.76,0.31,1.83,0.38,1.08,0.15,0.93,0.14,1.45,0.31,,,,,,,,,1.8,,0.58,0.21,,,,,,,,,,,,,,,,,,,,,,,,,107432,
[4452],CONVERGENT MARGIN,CASCADES / HIGH CASCADES / OREGON / PACIFIC OCEAN,,44.512,44.512,-121.8145,-121.8145,SUBAERIAL,,,s RMCNSR-1 [4452],BASALT [4452],,,,,,,,,VOLCANIC ROCK,,,,,WHOLE_ROCK [4452] ,240775.7685,4854.654,,80763.7026,,,,64360.439999999995,77687.89,62836.768,1161.687,,3237.585,16320.854000000001,567.3473,,,,,,,,,,,,,,,,,,,,,,,,,,,,,,,,,,,,,,,,,,,,39,,225,405,,,,99,84,72,17,,,,,6,398,14,82,5.6,,,,,,,,,,,,,166,,,,,,,,,,,,,,,,,,,,,,,,,2,,2,,,,,,,,,,,,,,,,,,,,,,,,,,107433,
[4767],CONVERGENT MARGIN,CASCADES / HIGH CASCADES / CALIFORNIA / MEDICINE LAKE VOLCANO / PACIFIC OCEAN,,41.58,41.58,-121.58,-121.58,SUBAERIAL,,,s ML-74-19 [4767],ANDESITE [4767],,,,,,,,,VOLCANIC ROCK,,,,,WHOLE_ROCK [4767] ,,,,,,,,,,,,,,,,,,,,,,,,,,,,,,,,,,,,,,,,,,,,,,,,,,,,,,,,,,,,,,,,,,,,,,,,,,,,,,,,,,,,,,,,,,,,,,,,,,,,,,,,,,,,,,,,,,,,,,,,,,,0.70326,,,,,,,,,,,,,,,,,,,,,109662,
[4767],CONVERGENT MARGIN,CASCADES / HIGH CASCADES / CALIFORNIA / MEDICINE LAKE VOLCANO / MAMMOTH-MODOC LAVAS / PACIFIC OCEAN,,41.58,41.58,-121.58,-121.58,SUBAERIAL,,,s SM-75-111 [4767],"BASALT, ANDESITIC [4767]",,,,,,,,,VOLCANIC ROCK,,,,,WHOLE_ROCK [4767] ,,,,,,,,,,,,,,,,,,,,,,,,,,,,,,,,,,,,,,,,,,,,,,,,,,,,,,,,,,,,,,,,,,,,,,,,,,,,,,,,,,,,,,,,,,,,,,,,,,,,,,,,,,,,,,,,,,,,,,,,,,,0.70338,,,,,,,,,,,,,,,,,,,,,109665,
[4767],CONVERGENT MARGIN,CASCADES / HIGH CASCADES / CALIFORNIA / MEDICINE LAKE VOLCANO / MAMMOTH-MODOC LAVAS / PACIFIC OCEAN,,41.58,41.58,-121.58,-121.58,SUBAERIAL,,,s HV-75-1 [4767],"BASALT, ANDESITIC [4767]",,,,,,,,,VOLCANIC ROCK,,,,,WHOLE_ROCK [4767] ,,,,,,,,,,,,,,,,,,,,,,,,,,,,,,,,,,,,,,,,,,,,,,,,,,,,,,,,,,,,,,,,,,,,,,,,,,,,,,,,,,,,,,,,,,,,,,,,,,,,,,,,,,,,,,,,,,,,,,,,,,,0.70365,,,,,,,,,,,,,,,,,,,,,109666,
[4767],CONVERGENT MARGIN,CASCADES / HIGH CASCADES / CALIFORNIA / MEDICINE LAKE VOLCANO / MAMMOTH-MODOC LAVAS / PACIFIC OCEAN,,41.58,41.58,-121.58,-121.58,SUBAERIAL,,,s SM-75-114 [4767],ANDESITE [4767],,,,,,,,,VOLCANIC ROCK,,,,,WHOLE_ROCK [4767] ,,,,,,,,,,,,,,,,,,,,,,,,,,,,,,,,,,,,,,,,,,,,,,,,,,,,,,,,,,,,,,,,,,,,,,,,,,,,,,,,,,,,,,,,,,,,,,,,,,,,,,,,,,,,,,,,,,,,,,,,,,,0.70375,,,,,,,,,,,,,,,,,,,,,109667,
[4767],CONVERGENT MARGIN,CASCADES / HIGH CASCADES / CALIFORNIA / MEDICINE LAKE VOLCANO / MAMMOTH-MODOC LAVAS / PACIFIC OCEAN,,41.58,41.58,-121.58,-121.58,SUBAERIAL,,,s SM-75-220 [4767],ANDESITE [4767],,,,,,,,,VOLCANIC ROCK,,,,,WHOLE_ROCK [4767] ,,,,,,,,,,,,,,,,,,,,,,,,,,,,,,,,,,,,,,,,,,,,,,,,,,,,,,,,,,,,,,,,,,,,,,,,,,,,,,,,,,,,,,,,,,,,,,,,,,,,,,,,,,,,,,,,,,,,,,,,,,,0.7039,,,,,,,,,,,,,,,,,,,,,109668,
[4767],CONVERGENT MARGIN,CASCADES / HIGH CASCADES / CALIFORNIA / MEDICINE LAKE VOLCANO / MAMMOTH-MODOC LAVAS / PACIFIC OCEAN,,41.58,41.58,-121.58,-121.58,SUBAERIAL,,,s SM-75-136 [4767],ANDESITE [4767],,,,,,,,,VOLCANIC ROCK,,,,,WHOLE_ROCK [4767] ,,,,,,,,,,,,,,,,,,,,,,,,,,,,,,,,,,,,,,,,,,,,,,,,,,,,,,,,,,,,,,,,,,,,,,,,,,,,,,,,,,,,,,,,,,,,,,,,,,,,,,,,,,,,,,,,,,,,,,,,,,,0.70404,,,,,,,,,,,,,,,,,,,,,109669,
[4767],CONVERGENT MARGIN,CASCADES / HIGH CASCADES / CALIFORNIA / MEDICINE LAKE VOLCANO / MAMMOTH-MODOC LAVAS / PACIFIC OCEAN,,41.58,41.58,-121.58,-121.58,SUBAERIAL,,,s SM-75-140 [4767],ANDESITE [4767],,,,,,,,,VOLCANIC ROCK,,,,,WHOLE_ROCK [4767] ,,,,,,,,,,,,,,,,,,,,,,,,,,,,,,,,,,,,,,,,,,,,,,,,,,,,,,,,,,,,,,,,,,,,,,,,,,,,,,,,,,,,,,,,,,,,,,,,,,,,,,,,,,,,,,,,,,,,,,,,,,,0.70429,,,,,,,,,,,,,,,,,,,,,109670,
[4767],CONVERGENT MARGIN,CASCADES / HIGH CASCADES / CALIFORNIA / MEDICINE LAKE VOLCANO / GLASS MOUNTAIN FLOW / PACIFIC OCEAN,MEDICINE LAKE HIGHLAND,41.58,41.58,-121.58,-121.58,SUBAERIAL,,,s SM-75-83 [4767],"THOLEIITE, OLIVINE [4767]",,,,,,,,,VOLCANIC ROCK,,,,,WHOLE_ROCK [4767] ,,,,,,,,,,,,,,,,,,,,,,,,,,,,,,,,,,,,,,,,,,,,,,,,,,,,,,,,,,,,,,,,,,,,,,,,,,1.51,242.1,,,,,,,,,,,,,,,,,,,,,,,,,,,,,,,,,,,,,,,,,,,,,,,,0.70307,,,,,,,,,,,,,,,,,,,,,109671,
[4767],CONVERGENT MARGIN,CASCADES / HIGH CASCADES / CALIFORNIA / MEDICINE LAKE VOLCANO / GLASS MOUNTAIN FLOW / PACIFIC OCEAN,MEDICINE LAKE HIGHLAND,41.58,41.58,-121.58,-121.58,SUBAERIAL,,,s ML-74-6 [4767],"THOLEIITE, OLIVINE [4767]",,,,,,,,,VOLCANIC ROCK,,,,,WHOLE_ROCK [4767] ,,,,,,,,,,,,,,,,,,,,,,,,,,,,,,,,,,,,,,,,,,,,,,,,,,,,,,,,,,,,,,,,,,,,,,,,,,1.64,413.7,,,,,,,,,,,,,,,,,,,,,,,,,,,,,,,,,,,,,,,,,,,,,,,,0.703,,,,,,,,,,,,,,,,,,,,,109673,
[4767],CONVERGENT MARGIN,CASCADES / HIGH CASCADES / CALIFORNIA / MEDICINE LAKE VOLCANO / GLASS MOUNTAIN FLOW / PACIFIC OCEAN,MEDICINE LAKE HIGHLAND,41.58,41.58,-121.58,-121.58,SUBAERIAL,,,s SM-75-164 [4767],"THOLEIITE, OLIVINE [4767]",,,,,,,,,VOLCANIC ROCK,,,,,WHOLE_ROCK [4767] ,,,,,,,,,,,,,,,,,,,,,,,,,,,,,,,,,,,,,,,,,,,,,,,,,,,,,,,,,,,,,,,,,,,,,,,,,,1.49,323.5,,,,,,,,,,,,,,,,,,,,,,,,,,,,,,,,,,,,,,,,,,,,,,,,0.70307,,,,,,,,,,,,,,,,,,,,,109674,
[4767],CONVERGENT MARGIN,CASCADES / HIGH CASCADES / CALIFORNIA / MEDICINE LAKE VOLCANO / GLASS MOUNTAIN FLOW / PACIFIC OCEAN,MEDICINE LAKE HIGHLAND,41.58,41.58,-121.58,-121.58,SUBAERIAL,,,s SM-75-183 [4767],"THOLEIITE, OLIVINE [4767]",,,,,,,,,VOLCANIC ROCK,,,,,WHOLE_ROCK [4767] ,,,,,,,,,,,,,,,,,,,,,,,,,,,,,,,,,,,,,,,,,,,,,,,,,,,,,,,,,,,,,,,,,,,,,,,,,,2.54,238.8,,,,,,,,,,,,,,,,,,,,,,,,,,,,,,,,,,,,,,,,,,,,,,,,0.70333,,,,,,,,,,,,,,,,,,,,,109676,
[4767],CONVERGENT MARGIN,CASCADES / HIGH CASCADES / CALIFORNIA / MEDICINE LAKE VOLCANO / GLASS MOUNTAIN FLOW / PACIFIC OCEAN,MEDICINE LAKE HIGHLAND,41.58,41.58,-121.58,-121.58,SUBAERIAL,,,s SM-75-236 [4767],"THOLEIITE, OLIVINE [4767]",,,,,,,,,VOLCANIC ROCK,,,,,WHOLE_ROCK [4767] ,,,,,,,,,,,,,,,,,,,,,,,,,,,,,,,,,,,,,,,,,,,,,,,,,,,,,,,,,,,,,,,,,,,,,,,,,,5.81,319.8,,,,,,,,,,,,,,,,,,,,,,,,,,,,,,,,,,,,,,,,,,,,,,,,0.7029,,,,,,,,,,,,,,,,,,,,,109677,
[4450],CONVERGENT MARGIN,CASCADES / HIGH CASCADES / WASHINGTON / MOUNT ADAMS / PACIFIC OCEAN,,46.0606,46.0606,-121.2508,-121.2508,SUBAERIAL,,,s MA-767 [4450],"THOLEIITE, OLIVINE [4450]",,,,,,,,,VOLCANIC ROCK,,,,,WHOLE_ROCK [4450] ,224836.23500000002,7311.947999999999,,86267.913,,12379.380000000001,72288.90000000001,,72184.7,58012.44799999999,1316.5786,,1436.1595,21142.9245,480.0631,,3100.,1300.,,400.,,,,,,,,,,,,,,,,,,,,,,,,,,,,,,,,,,,,,,,28.8,,189,345,,,52.1,143,58,78,,,,,,3,243,23,83,4.9,,,,,,,,,,,,0.053,0.62,4.38,11.45,,8.55,2.55,1.01,3.18,,3.53,,2.03,,1.79,,1.74,0.349,,,,,,,,,0.62,,0.59,,0.512979,,,0.70284,,19.037,,15.567,,38.528,,,,,,,,,,,,,,,111167,
[4450],CONVERGENT MARGIN,CASCADES / HIGH CASCADES / WASHINGTON / MOUNT ADAMS / PACIFIC OCEAN,,46.4218,46.4218,-121.7568,-121.7568,SUBAERIAL,,,s MA-696 [4450],"THOLEIITE, OLIVINE [4450]",,,,,,,,,VOLCANIC ROCK,,,,,WHOLE_ROCK [4450] ,222031.62500000003,8330.826,,89443.419,,13708.24,72366.63,,75043.5,53369.03999999999,1394.0244,,1328.24,21142.9245,698.2736,,3000.,1100.,,100.,,,,,,,,,,,,,,,,,,,,,,,,,,,,,,,,,,,,,,,32.9,,217,275,,,53.8,178,88,85,,,,,,3.3,247,26,98,6,,,,,,,,,,,,0.042,58,5.87,15.29,,9.6,3.1,1.21,3.8,,4.32,,2.59,,2.39,,2.31,0.46,,,,,,,,,0.42,,0.62,,0.513013,,,0.70292,,18.925,,15.568,,38.475,,,,,,,,,,,,,,,111168,
[4450],CONVERGENT MARGIN,CASCADES / HIGH CASCADES / WASHINGTON / MOUNT ADAMS / PACIFIC OCEAN,,46.206,46.206,-121.49,-121.49,SUBAERIAL,,,s MA-120 [4450],"THOLEIITE, OLIVINE [4450]",,,,,,,,,VOLCANIC ROCK,,,,,WHOLE_ROCK [4450] ,223901.36500000002,8510.627999999999,,88384.917,,10491.,72055.70999999999,,73256.75,52946.91199999999,1394.0244,,2581.7665,22404.0814,698.2736,,2000.,700.0000000000001,,400.,,,,,,,,,,,,,,,,,,,,,,,,,,,,,,,,,,,,,,,32.7,,212,300,,,46.8,134,68,83,,,,,,6.9,289,24,112,7.7,,,,,,,,,,,,0.111,81,6.94,17.12,,11.78,3.21,1.2,3.86,,4.19,,2.6,,2.2,,2.44,0.51,,,,,,,,,0.77,,0.68,,0.513013,,,0.70292,,18.856,,15.54,,38.359,,,,,,,,,,,,,,,111169,
[4450],CONVERGENT MARGIN,CASCADES / HIGH CASCADES / WASHINGTON / MOUNT ADAMS / PACIFIC OCEAN,,46.206,46.206,-121.49,-121.49,SUBAERIAL,,,s MA-953 [4450],BASALT [4450],,,,,,,,,VOLCANIC ROCK,,,,,WHOLE_ROCK [4450] ,231380.325,8151.024,,82563.156,,16855.54,49747.200000000004,,70112.07,58012.44799999999,1084.2412000000002,,12286.22,23516.866899999997,2269.3892,,1600.,700.0000000000001,,200.,,,,,,,,,,,,,,,,,,,,,,,,,,,,,,,,,,,,,,,28,,180,347,,,41.3,211,92,84,,,,,,23.5,967,24,204,15,,,,,,,,,,,,0.225,547,38.45,81.32,,45.5,8.59,2.42,6.53,,4.56,,2.64,,1.9,,4.19,0.97,,,,,,,,,4.24,,5.09,,0.512925,,,0.7036,,18.967,,15.583,,38.63,,,,,,,,,,,,,,,111170,
