Citations,Tectonic Setting,Location,Location Comment,Latitude (Min),Latitude (Max),Longitude (Min),Longitude (Max),Land or Sea,Elevation (Min),Elevation (Max),Sample Name,Rock Name,"Age (a, Min)","Age (a, Max)",Geol,Age,Eruption Day,Eruption Month,Eruption Year,Rock Texture,Rock Type,Drill Depth (Min),Drill Depth (Max),Alteration,Mineral,Material,Si,Ti,B,Al,Cr,Fe3+,Fe2+,Fetot(2+),Ca,Mg,Mn,Ni,K,Na,P,H2O,H2OP,H2OM,H2Otot,CO2,CO,F,Cl,Cl2,OH,CH4,SO2,SO3,SO4,S,LOI,Volatiles,O,Others,HE(CCM/G),HE(CCMSTP/G),HE3(CCMSTP/G),HE3(AT/G),HE4(CCM/G),HE4(CCMSTP/G),HE4(AT/G),HE4(MOLE/G),HE4(NCC/G),HE(NCC/G),Li,Be,B,C,CO2,F,Na,Mg,Al,P,S,Cl,K,Ca,Sc,Ti,V,Cr,Mn,Fe,Co,Ni,Cu,Zn,Ga,Ge,As,Se,Br,Rb,Sr,Y,Zr,Nb,Mo,Ru,Rh,Pd,Ag,Cd,In,Sn,Sb,Te,I,Cs,Ba,La,Ce,Pr,Nd,Sm,Eu,Gd,Tb,Dy,Ho,Er,Tm,Yb,Lu,Hf,Ta,W,Re,Os,Ir,Pt,Au,Hg,Tl,Pb,Bi,Th,U,Nd143/Nd144,Nd143/Nd144 initial,e Nd,Sr87/Sr86,SR87_SR86_INI,PB206_PB204,PB206_PB204_INI,PB207_PB204,PB207_PB204_INI,PB208_PB204,PB208_PB204_INI,OS184_OS188,OS186_OS188,OS187_OS186,OS187_OS188,RE187_OS186,RE187_OS188,HF176_HF177,HE3_HE4,HE3_HE4(R/R(A)),HE4_HE3,HE4_HE3(R/R(A)),K40_AR40,AR40_K40,Unique Id,
[4231],CONVERGENT MARGIN,CENTRAL AMERICAN VOLCANIC ARC / CENTRAL AMERICAN VOLCANIC ARC-NORTHWESTERN SEGMENT / SAN SALVADOR / BOQUERON / PACIFIC OCEAN,,13.74,13.74,-89.29,-89.29,SUBAERIAL,,,s B-1 [4231],ANDESITE [4231],,,,,,,,"PORPHYRITIC, PILOTAXITIC [4231] ",VOLCANIC ROCK,,,,,WHOLE_ROCK [4231] ,265503.08,5933.465999999999,,95265.18000000001,,20702.239999999998,39331.38,,54317.2,12302.016,1394.0244,,15025.715,30267.7656,960.1262,4300.,,,,,,,,,,,,,,,,,,,,,,,,,,,,,,,,,,,,,,,,,,,,,,,,,,,,,,,,,,,,,,,,,,,,,,,,,,,,,,,,,,,,,,,,,,,,,,,,,,,,,,,,,,,,,,,,,,,,,,,,,,,,,,,,103302,
[4231],CONVERGENT MARGIN,CENTRAL AMERICAN VOLCANIC ARC / CENTRAL AMERICAN VOLCANIC ARC-NORTHWESTERN SEGMENT / SAN SALVADOR / BOQUERON / PACIFIC OCEAN,,13.74,13.74,-89.29,-89.29,SUBAERIAL,,,s B-2 [4231],"BASALT, ANDESITIC [4231]",,,,,,,,"PORPHYRITIC, PILOTAXITIC [4231] ",VOLCANIC ROCK,,,,,WHOLE_ROCK [4231] ,248207.98500000002,6832.475999999999,,96852.933,,19932.9,52856.4,,68754.14,21649.136,1471.4702,,11040.995,23813.609699999997,960.1262,5900.,,,,,,,,,,,,,,,,,,,,,,,,,,,,,,,,,,,,,,,,,,,,,,,,,,,,,,,,,,,,,,,,,,,,,,,,,,,,,,,,,,,,,,,,,,,,,,,,,,,,,,,,,,,,,,,,,,,,,,,,,,,,,,,,103303,
[4231],CONVERGENT MARGIN,CENTRAL AMERICAN VOLCANIC ARC / CENTRAL AMERICAN VOLCANIC ARC-NORTHWESTERN SEGMENT / SAN SALVADOR / BOQUERON / PACIFIC OCEAN,,13.74,13.74,-89.29,-89.29,SUBAERIAL,,,s B-3 [4231],ANDESITE [4231],,,,,,,,"PORPHYRITIC, PILOTAXITIC [4231] ",VOLCANIC ROCK,,,,,WHOLE_ROCK [4231] ,283733.04500000004,5573.862,,82033.905,,2377.96,64438.16999999999,,32090.030000000002,9347.119999999999,1626.3618,,22497.065,30935.436899999997,960.1262,3000.,,,,,,,,,,,,,,,,,,,,,,,,,,,,,,,,,,,,,,,,,,,,,,,,,,,,,,,,,,,,,,,,,,,,,,,,,,,,,,,,,,,,,,,,,,,,,,,,,,,,,,,,,,,,,,,,,,,,,,,,,,,,,,,,103304,
[4231],CONVERGENT MARGIN,CENTRAL AMERICAN VOLCANIC ARC / CENTRAL AMERICAN VOLCANIC ARC-NORTHWESTERN SEGMENT / SAN SALVADOR / BOQUERON / PACIFIC OCEAN,,13.74,13.74,-89.29,-89.29,SUBAERIAL,,,s B-5 [4231],BASALT [4231],,,,,,,,"PORPHYRITIC, PILOTAXITIC [4231] ",VOLCANIC ROCK,,,,,WHOLE_ROCK [4231] ,246338.24500000002,7791.42,,91031.172,,20352.54,57986.58,,65037.7,23820.079999999998,1548.9160000000002,,10791.95,24703.8381,1221.9788,3700.,,,,,,,,,,,,,,,,,,,,,,,,,,,,,,,,,,,,,,,,,,,,,,,,,,,,,,,,,,,,,,,,,,,,,,,,,,,,,,,,,,,,,,,,,,,,,,,,,,,,,,,,,,,,,,,,,,,,,,,,,,,,,,,,103305,
[4231],CONVERGENT MARGIN,CENTRAL AMERICAN VOLCANIC ARC / CENTRAL AMERICAN VOLCANIC ARC-NORTHWESTERN SEGMENT / SAN SALVADOR / BOQUERON / PACIFIC OCEAN,,13.74,13.74,-89.29,-89.29,SUBAERIAL,,,s B-6 [4231],BASALT [4231],,,,,,,,"PORPHYRITIC, PILOTAXITIC [4231] ",VOLCANIC ROCK,,,,,WHOLE_ROCK [4231] ,242131.33000000002,5693.73,,88384.917,,31962.58,44694.75,,67682.09000000001,26594.064,1471.4702,,10210.845,22107.3386,872.8420000000001,15400.,,,,,,,,,,,,,,,,,,,,,,,,,,,,,,,,,,,,,,,,,,,,,,,,,,,,,,,,,,,,,,,,,,,,,,,,,,,,,,,,,,,,,,,,,,,,,,,,,,,,,,,,,,,,,,,,,,,,,,,,,,,,,,,,103306,
[4231],CONVERGENT MARGIN,CENTRAL AMERICAN VOLCANIC ARC / CENTRAL AMERICAN VOLCANIC ARC-NORTHWESTERN SEGMENT / SAN SALVADOR / BOQUERON / PACIFIC OCEAN,,13.74,13.74,-89.29,-89.29,SUBAERIAL,,,s B-7 [4231],ANDESITE [4231],,,,,,,,"PORPHYRITIC, PILOTAXITIC [4231] ",VOLCANIC ROCK,,,,,WHOLE_ROCK [4231] ,259426.42500000002,5513.928,,93677.427,,30633.719999999998,33112.979999999996,,55961.01,14955.392,1394.0244,,13697.474999999999,27077.780499999997,1091.0525,14400.,,,,,,,,,,,,,,,,,,,,,,,,,,,,,,,,,,,,,,,,,,,,,,,,,,,,,,,,,,,,,,,,,,,,,,,,,,,,,,,,,,,,,,,,,,,,,,,,,,,,,,,,,,,,,,,,,,,,,,,,,,,,,,,,103307,
[4231],CONVERGENT MARGIN,CENTRAL AMERICAN VOLCANIC ARC / CENTRAL AMERICAN VOLCANIC ARC-NORTHWESTERN SEGMENT / SAN SALVADOR / BOQUERON / PACIFIC OCEAN,,13.74,13.74,-89.29,-89.29,SUBAERIAL,,,s B-8 [4231],ANDESITE [4231],,,,,,,,"PORPHYRITIC, PILOTAXITIC [4231] ",VOLCANIC ROCK,,,,,WHOLE_ROCK [4231] ,260361.29500000004,5873.531999999999,,96323.682,,21821.280000000002,42518.31,,55889.54,14533.264,1394.0244,,14029.535,27003.5948,1091.0525,10800.,,,,,,,,,,,,,,,,,,,,,,,,,,,,,,,,,,,,,,,,,,,,,,,,,,,,,,,,,,,,,,,,,,,,,,,,,,,,,,,,,,,,,,,,,,,,,,,,,,,,,,,,,,,,,,,,,,,,,,,,,,,,,,,,103308,
[4231],CONVERGENT MARGIN,CENTRAL AMERICAN VOLCANIC ARC / CENTRAL AMERICAN VOLCANIC ARC-NORTHWESTERN SEGMENT / SAN SALVADOR / BOQUERON / PACIFIC OCEAN,,13.74,13.74,-89.29,-89.29,SUBAERIAL,,,s B-9 [4231],"BASALT, ANDESITIC [4231]",,,,,,,,"PORPHYRITIC, PILOTAXITIC [4231] ",VOLCANIC ROCK,,,,,WHOLE_ROCK [4231] ,249142.855,6892.409999999999,,91031.172,,22101.04,56976.090000000004,,64751.82000000001,23699.471999999998,1548.9160000000002,,10376.875,24852.2095,872.8420000000001,2300.,,,,,,,,,,,,,,,,,,,,,,,,,,,,,,,,,,,,,,,,,,,,,,,,,,,,,,,,,,,,,,,,,,,,,,,,,,,,,,,,,,,,,,,,,,,,,,,,,,,,,,,,,,,,,,,,,,,,,,,,,,,,,,,,103309,
[4231],CONVERGENT MARGIN,CENTRAL AMERICAN VOLCANIC ARC / CENTRAL AMERICAN VOLCANIC ARC-NORTHWESTERN SEGMENT / SAN SALVADOR / BOQUERON / PACIFIC OCEAN,,13.74,13.74,-89.29,-89.29,SUBAERIAL,,,s B-10 [4231],"BASALT, ANDESITIC [4231]",,,,,,,,"PORPHYRITIC, PILOTAXITIC [4231] ",VOLCANIC ROCK,,,,,WHOLE_ROCK [4231] ,248207.98500000002,5873.531999999999,,95794.43100000001,,19932.9,46793.46,,63894.17999999999,16583.6,1239.1328,,11705.115,26187.552099999997,916.4841,9900.,,,,,,,,,,,,,,,,,,,,,,,,,,,,,,,,,,,,,,,,,,,,,,,,,,,,,,,,,,,,,,,,,,,,,,,,,,,,,,,,,,,,,,,,,,,,,,,,,,,,,,,,,,,,,,,,,,,,,,,,,,,,,,,,103310,
[4231],CONVERGENT MARGIN,CENTRAL AMERICAN VOLCANIC ARC / CENTRAL AMERICAN VOLCANIC ARC-NORTHWESTERN SEGMENT / SAN SALVADOR / BOQUERON / PACIFIC OCEAN,,13.74,13.74,-89.29,-89.29,SUBAERIAL,,,s B-11 [4231],"BASALT, ANDESINE [4231]",,,,,,,,"PORPHYRITIC, PILOTAXITIC [4231] ",VOLCANIC ROCK,,,,,WHOLE_ROCK [4231] ,247740.55000000002,7311.947999999999,,91031.172,,839.28,78507.3,,64966.229999999996,24121.6,1548.9160000000002,,11124.01,24407.0953,872.8420000000001,4100.,,,,,,,,,,,,,,,,,,,,,,,,,,,,,,,,,,,,,,,,,,,,,,,,,,,,,,,,,,,,,,,,,,,,,,,,,,,,,,,,,,,,,,,,,,,,,,,,,,,,,,,,,,,,,,,,,,,,,,,,,,,,,,,,103311,
[4231],CONVERGENT MARGIN,CENTRAL AMERICAN VOLCANIC ARC / CENTRAL AMERICAN VOLCANIC ARC-NORTHWESTERN SEGMENT / SAN SALVADOR / BOQUERON / PACIFIC OCEAN,,13.74,13.74,-89.29,-89.29,SUBAERIAL,,,s B-12 [4231],ANDESITE [4231],,,,,,,,"PORPHYRITIC, PILOTAXITIC [4231] ",VOLCANIC ROCK,,,,,WHOLE_ROCK [4231] ,269709.99500000005,6832.475999999999,,82563.156,,2657.7200000000003,70267.92,,45026.1,14895.088,1548.9160000000002,,17184.105,29229.1658,829.1999000000001,6400.,,,,,,,,,,,,,,,,,,,,,,,,,,,,,,,,,,,,,,,,,,,,,,,,,,,,,,,,,,,,,,,,,,,,,,,,,,,,,,,,,,,,,,,,,,,,,,,,,,,,,,,,,,,,,,,,,,,,,,,,,,,,,,,,103312,
[4231],CONVERGENT MARGIN,CENTRAL AMERICAN VOLCANIC ARC / CENTRAL AMERICAN VOLCANIC ARC-NORTHWESTERN SEGMENT / SAN SALVADOR / BOQUERON / PACIFIC OCEAN,,13.74,13.74,-89.29,-89.29,SUBAERIAL,,,s B-13 [4231],ANDESITE [4231],,,,,,,,"PORPHYRITIC, PILOTAXITIC [4231] ",VOLCANIC ROCK,,,,,WHOLE_ROCK [4231] ,274384.34500000003,6952.343999999999,,82563.156,,14407.640000000001,56976.090000000004,,43739.64,14352.351999999999,1548.9160000000002,,17101.09,29600.0943,960.1262,4200.,,,,,,,,,,,,,,,,,,,,,,,,,,,,,,,,,,,,,,,,,,,,,,,,,,,,,,,,,,,,,,,,,,,,,,,,,,,,,,,,,,,,,,,,,,,,,,,,,,,,,,,,,,,,,,,,,,,,,,,,,,,,,,,,103313,
[4231],CONVERGENT MARGIN,CENTRAL AMERICAN VOLCANIC ARC / CENTRAL AMERICAN VOLCANIC ARC-NORTHWESTERN SEGMENT / SAN SALVADOR / BOQUERON / PACIFIC OCEAN,,13.74,13.74,-89.29,-89.29,SUBAERIAL,,,s B-14 [4231],ANDESITE [4231],,,,,,,,"PORPHYRITIC, PILOTAXITIC [4231] ",VOLCANIC ROCK,,,,,WHOLE_ROCK [4231] ,273916.91000000003,7132.145999999999,,82033.905,,14827.28,58064.31,,44382.87,15015.696,1548.9160000000002,,17267.12,29822.651399999995,829.1999000000001,2000.,,,,,,,,,,,,,,,,,,,,,,,,,,,,,,,,,,,,,,,,,,,,,,,,,,,,,,,,,,,,,,,,,,,,,,,,,,,,,,,,,,,,,,,,,,,,,,,,,,,,,,,,,,,,,,,,,,,,,,,,,,,,,,,,103314,
[4231],CONVERGENT MARGIN,CENTRAL AMERICAN VOLCANIC ARC / CENTRAL AMERICAN VOLCANIC ARC-NORTHWESTERN SEGMENT / SAN SALVADOR / BOQUERON / PACIFIC OCEAN,,13.74,13.74,-89.29,-89.29,SUBAERIAL,,,s B-15 [4231],ANDESITE [4231],,,,,,,,"PORPHYRITIC, PILOTAXITIC [4231] ",VOLCANIC ROCK,,,,,WHOLE_ROCK [4231] ,271112.30000000005,6772.541999999999,,81504.65400000001,,10071.359999999999,61484.43,,43668.170000000006,14895.088,1548.9160000000002,,17184.105,29600.0943,1047.4104,6500.,,,,,,,,,,,,,,,,,,,,,,,,,,,,,,,,,,,,,,,,,,,,,,,,,,,,,,,,,,,,,,,,,,,,,,,,,,,,,,,,,,,,,,,,,,,,,,,,,,,,,,,,,,,,,,,,,,,,,,,,,,,,,,,,103315,
[4231],CONVERGENT MARGIN,CENTRAL AMERICAN VOLCANIC ARC / CENTRAL AMERICAN VOLCANIC ARC-NORTHWESTERN SEGMENT / SAN SALVADOR / BOQUERON / PACIFIC OCEAN,,13.74,13.74,-89.29,-89.29,SUBAERIAL,,,s B-16 [4231],ANDESITE [4231],,,,,,,,"PORPHYRITIC, PILOTAXITIC [4231] ",VOLCANIC ROCK,,,,,WHOLE_ROCK [4231] ,271112.30000000005,5813.597999999999,,81504.65400000001,,4825.86,67236.45,,44811.689999999995,15920.256,1548.9160000000002,,17184.105,29451.7229,872.8420000000001,6899.999999999999,,,,,,,,,,,,,,,,,,,,,,,,,,,,,,,,,,,,,,,,,,,,,,,,,,,,,,,,,,,,,,,,,,,,,,,,,,,,,,,,,,,,,,,,,,,,,,,,,,,,,,,,,,,,,,,,,,,,,,,,,,,,,,,,103316,
[4231],CONVERGENT MARGIN,CENTRAL AMERICAN VOLCANIC ARC / CENTRAL AMERICAN VOLCANIC ARC-NORTHWESTERN SEGMENT / SAN SALVADOR / BOQUERON / PACIFIC OCEAN,,13.74,13.74,-89.29,-89.29,SUBAERIAL,,,s B-17 [4231],ANDESITE [4231],,,,,,,,"PORPHYRITIC, PILOTAXITIC [4231] ",VOLCANIC ROCK,,,,,WHOLE_ROCK [4231] ,259893.86000000002,6412.938,,86797.16399999999,,23639.719999999998,50913.15,,54888.96,18151.503999999997,1548.9160000000002,,14942.7,27745.4518,960.1262,2100.,,,,,,,,,,,,,,,,,,,,,,,,,,,,,,,,,,,,,,,,,,,,,,,,,,,,,,,,,,,,,,,,,,,,,,,,,,,,,,,,,,,,,,,,,,,,,,,,,,,,,,,,,,,,,,,,,,,,,,,,,,,,,,,,103317,
[4231],CONVERGENT MARGIN,CENTRAL AMERICAN VOLCANIC ARC / CENTRAL AMERICAN VOLCANIC ARC-NORTHWESTERN SEGMENT / SAN SALVADOR / BOQUERON / PACIFIC OCEAN,,13.74,13.74,-89.29,-89.29,SUBAERIAL,,,s B-18 [4231],ANDESITE [4231],,,,,,,,"PORPHYRITIC, PILOTAXITIC [4231] ",VOLCANIC ROCK,,,,,VOLCANIC GLASS [4231] ,256621.815,13784.819999999998,,88914.168,,20842.12,53322.780000000006,,57533.350000000006,17608.768,1626.3618,,12618.28,27745.4518,916.4841,2300.,,,,,,,,,,,,,,,,,,,,,,,,,,,,,,,,,,,,,,,,,,,,,,,,,,,,,,,,,,,,,,,,,,,,,,,,,,,,,,,,,,,,,,,,,,,,,,,,,,,,,,,,,,,,,,,,,,,,,,,,,,,,,,,,103318,
[4231],CONVERGENT MARGIN,CENTRAL AMERICAN VOLCANIC ARC / CENTRAL AMERICAN VOLCANIC ARC-NORTHWESTERN SEGMENT / SAN SALVADOR / BOQUERON / PACIFIC OCEAN,,13.74,13.74,-89.29,-89.29,SUBAERIAL,,,s B-19 [4231],ANDESITE [4231],,,,,,,,"PORPHYRITIC, PILOTAXITIC [4231] ",VOLCANIC ROCK,,,,,VOLCANIC GLASS [4231] ,275786.65,11387.46,,79916.901,,13988,58841.61,,38593.8,12241.711999999998,1781.2534,,19508.525,28635.6802,960.1262,1400.0000000000002,,,,,,,,,,,,,,,,,,,,,,,,,,,,,,,,,,,,,,,,,,,,,,,,,,,,,,,,,,,,,,,,,,,,,,,,,,,,,,,,,,,,,,,,,,,,,,,,,,,,,,,,,,,,,,,,,,,,,,,,,,,,,,,,103319,
[4231],CONVERGENT MARGIN,CENTRAL AMERICAN VOLCANIC ARC / CENTRAL AMERICAN VOLCANIC ARC-NORTHWESTERN SEGMENT / SAN SALVADOR / BOQUERON / PACIFIC OCEAN,,13.74,13.74,-89.29,-89.29,SUBAERIAL,,,s B-20 [4231],ANDESITE [4231],,,,,,,,"PORPHYRITIC, PILOTAXITIC [4231] ",VOLCANIC ROCK,,,,,WHOLE_ROCK [4231] ,275319.215,7192.079999999999,,77799.897,,47139.560000000005,25262.25,,38879.68,12060.8,1703.8076,,18512.345,32641.708000000002,1003.7683000000001,3000.,,,,,,,,,,,,,,,,,,,,,,,,,,,,,,,,,,,,,,,,,,,,,,,,,,,,,,,,,,,,,,,,,,,,,,,,,,,,,,,,,,,,,,,,,,,,,,,,,,,,,,,,,,,,,,,,,,,,,,,,,,,,,,,,103320,
[4231],CONVERGENT MARGIN,CENTRAL AMERICAN VOLCANIC ARC / CENTRAL AMERICAN VOLCANIC ARC-NORTHWESTERN SEGMENT / SAN SALVADOR / BOQUERON / PACIFIC OCEAN,,13.74,13.74,-89.29,-89.29,SUBAERIAL,,,s B-22 [4231],ANDESITE [4231],,,,,,,,"PORPHYRITIC, PILOTAXITIC [4231] ",VOLCANIC ROCK,,,,,WHOLE_ROCK [4231] ,265035.645,6892.409999999999,,87855.66600000001,,23220.079999999998,48114.87,,51315.46,14895.088,1626.3618,,14776.67,29525.9086,1091.0525,2200.,,,,,,,,,,,,,,,,,,,,,,,,,,,,,,,,,,,,,,,,,,,,,,,,,,,,,,,,,,,,,,,,,,,,,,,,,,,,,,,,,,,,,,,,,,,,,,,,,,,,,,,,,,,,,,,,,,,,,,,,,,,,,,,,103322,
[4231],CONVERGENT MARGIN,CENTRAL AMERICAN VOLCANIC ARC / CENTRAL AMERICAN VOLCANIC ARC-NORTHWESTERN SEGMENT / SAN SALVADOR / BOQUERON / PACIFIC OCEAN,,13.74,13.74,-89.29,-89.29,SUBAERIAL,,,s B-23 [4231],BASALT [4231],,,,,,,,"PORPHYRITIC, PILOTAXITIC [4231] ",VOLCANIC ROCK,,,,,WHOLE_ROCK [4231] ,241663.89500000002,6652.674,,96852.933,,24199.239999999998,44383.83,,65466.520000000004,28885.615999999998,1316.5786,,7637.38,24332.9096,1003.7683000000001,8400.,,,,,,,,,,,,,,,,,,,,,,,,,,,,,,,,,,,,,,,,,,,,,,,,,,,,,,,,,,,,,,,,,,,,,,,,,,,,,,,,,,,,,,,,,,,,,,,,,,,,,,,,,,,,,,,,,,,,,,,,,,,,,,,,103323,
[4231],CONVERGENT MARGIN,CENTRAL AMERICAN VOLCANIC ARC / CENTRAL AMERICAN VOLCANIC ARC-NORTHWESTERN SEGMENT / SAN SALVADOR / BOQUERON / PACIFIC OCEAN,,13.74,13.74,-89.29,-89.29,SUBAERIAL,,,s B-24 [4231],ANDESITE [4231],,,,,,,,"PORPHYRITIC, PILOTAXITIC [4231] ",VOLCANIC ROCK,,,,,VOLCANIC GLASS [4231] ,265035.645,7311.947999999999,,80975.403,,9162.140000000001,71589.33,,48671.07,17307.248,1781.2534,,15938.88,29451.7229,1003.7683000000001,2000.,,,,,,,,,,,,,,,,,,,,,,,,,,,,,,,,,,,,,,,,,,,,,,,,,,,,,,,,,,,,,,,,,,,,,,,,,,,,,,,,,,,,,,,,,,,,,,,,,,,,,,,,,,,,,,,,,,,,,,,,,,,,,,,,103324,
[4519],CONVERGENT MARGIN,CENTRAL AMERICAN VOLCANIC ARC / CENTRAL AMERICAN VOLCANIC ARC-NORTHWESTERN SEGMENT / NICARAGUA / CERRO NEGRO / PACIFIC OCEAN,,12.5,12.5,-86.7,-86.7,SUBAERIAL,,,s CN-9 [4519],BASALT [4519],,,,,,,,,VOLCANIC ROCK,,,,,WHOLE_ROCK [4519] ,234184.93500000003,4435.116,,94735.92899999999,,,,80839.2,81475.8,38473.952,1471.4702,,3486.6299999999997,15727.3684,523.7052,,2400.,,,,,,,,,,,,,,,,,,,,,,,,,,,,,,,,,,,,,,,,,,,,308,57,,,,32,,,,,,,,5,440,,,,,,,,,,,,,,,,391,,,,,,,,,,,,,,,,,,,,,,,,,,,,,,,,,,,,,,,,,,,,,,,,,,,,,108433,
[4794],CONVERGENT MARGIN,CENTRAL AMERICAN VOLCANIC ARC / CENTRAL AMERICAN VOLCANIC ARC-NORTHWESTERN SEGMENT / GUATEMALA / PACIFIC OCEAN,SOUTHEASTERN  GUATEMALA TRANSECT (BEHIND-THE-FRONT VOLCANISM),14,14.5,-89.5,-90.8,SUBAERIAL,,,s GUT302 [4794],NOT GIVEN [4794],,,,,,,,,VOLCANIC ROCK,,,,,WHOLE_ROCK [4794] ,252882.33500000002,4974.521999999999,,100557.69,,,,60085.29,67324.74,29066.528,1394.0244,,5063.915,25742.4379,654.6315,,,,,,,,,,,,,,,,,,,,,,,,,,,,,,,0.65,,,,,,,,,,,,,,,,35,,,,21,,,,,,,,7.4,436,18.7,83,2.6,,,,,,,,,,,,0.27,336,4.44,12.89,,10.52,2.41,0.85,3,,3.46,,1.8,,1.44,,,,,,,,,,,,2.9,,0.36,0.21,0.51299,,,0.70365,,,,,,,,,,,,,,,,,,,,,111290,
[4794],CONVERGENT MARGIN,CENTRAL AMERICAN VOLCANIC ARC / CENTRAL AMERICAN VOLCANIC ARC-NORTHWESTERN SEGMENT / GUATEMALA / PACIFIC OCEAN,SOUTHEASTERN  GUATEMALA TRANSECT (BEHIND-THE-FRONT VOLCANISM),14,14.5,-89.5,-90.8,SUBAERIAL,,,s GPA01 [4794],NOT GIVEN [4794],,,,,,,,,VOLCANIC ROCK,,,,,WHOLE_ROCK [4794] ,231380.325,6472.872,,109502.03190000002,,,,68713.31999999999,75472.32,23759.775999999998,1161.687,,5728.035,23961.981099999997,872.8420000000001,,,,,,,,,,,,,,,,,,,,,,,,,,,,,,6.62,0.62,,,,,,,,,,,,,,,,22,,,,12,,,,,,,,10.3,652,17,72,2.65,,,,,,,,,,,,0.41,341,8.2,19.34,2.85,13.23,3.1,1.12,3.89,0.61,3.41,0.7,1.94,0.3,1.81,0.26,1.98,0.15,,,,,,,,,3.26,,0.96,0.42,,,,,,,,,,,,,,,,,,,,,,,,,111291,
[4794],CONVERGENT MARGIN,CENTRAL AMERICAN VOLCANIC ARC / CENTRAL AMERICAN VOLCANIC ARC-NORTHWESTERN SEGMENT / GUATEMALA / PACIFIC OCEAN,SOUTHEASTERN  GUATEMALA TRANSECT (BEHIND-THE-FRONT VOLCANISM),14,14.5,-89.5,-90.8,SUBAERIAL,,,s GUC405 [4794],NOT GIVEN [4794],,,,,,,,,VOLCANIC ROCK,,,,,WHOLE_ROCK [4794] ,241757.382,7132.145999999999,,89866.81980000001,,,,69957,61321.26,35639.664,1239.1328,,11290.04,23887.7954,2007.5366000000001,,,,,,,,,,,,,,,,,,,,,,,,,,,,,,8.65,1.27,,,,,,,,,,,,,,,,104,,,,48,,,,,,,,21,518,25.8,172,7.17,,,,,,,,,,,,0.53,587,18.3,38.75,5.38,21.54,4.93,1.53,5.29,0.81,4.62,0.99,2.76,0.39,2.59,0.43,3.85,0.43,,,,,,,,,5.53,,1.34,0.67,0.51287,,,0.70383,,,,,,,,,,,,,,,,,,,,,111294,
[4794],CONVERGENT MARGIN,CENTRAL AMERICAN VOLCANIC ARC / CENTRAL AMERICAN VOLCANIC ARC-NORTHWESTERN SEGMENT / HONDURAS / PACIFIC OCEAN,TEGUCIGALPA,13.965,13.965,-87.209,-87.209,SUBAERIAL,,,s HONC109 [4794],NOT GIVEN [4794],,,,,,,,,VOLCANIC ROCK,,,,,WHOLE_ROCK [4794] ,237877.67150000003,5274.192,,108073.05420000001,,,,66381.42,69397.37000000001,28945.92,1161.687,,6641.200000000001,22404.0814,785.5577999999999,,,,,,,,,,,,,,,,,,,,,,,,,,,,,,,,,,,,,,,,,,,,,,,22,,,,36,,,,,,,,13.8,596,27.1,80,3.02,,,,,,,,,,,,0.15,406,10.75,19.63,,17.13,4.12,1.41,4.53,,4.18,,2.57,,2.32,,,,,,,,,,,,3.94,,0.7,0.24,,,,,,,,,,,,,,,,,,,,,,,,,111315,
[4794],CONVERGENT MARGIN,CENTRAL AMERICAN VOLCANIC ARC / CENTRAL AMERICAN VOLCANIC ARC-NORTHWESTERN SEGMENT / HONDURAS / PACIFIC OCEAN,TEGUCIGALPA,14.069,14.069,-87.273,-87.273,SUBAERIAL,,,s HONC111 [4794],NOT GIVEN [4794],,,,,,,,,VOLCANIC ROCK,,,,,WHOLE_ROCK [4794] ,235540.4965,5933.465999999999,,93783.2772,,,,71667.06000000001,64108.590000000004,31056.56,1394.0244,,9712.755,22329.895699999997,1396.5472,,,,,,,,,,,,,,,,,,,,,,,,,,,,,,,,,,,,,,,,,,,,,,,86,,,,47,,,,,,,,14.3,580,37.1,122,6.23,,,,,,,,,,,,0.25,752,19.94,34.97,,24.54,5.31,1.71,5.93,,5.05,,3.17,,2.83,,,,,,,,,,,,5.63,,1.32,0.45,0.51288,,,0.70394,,,,,,,,,,,,,,,,,,,,,111316,
[4791],CONVERGENT MARGIN,CENTRAL AMERICAN VOLCANIC ARC / CENTRAL AMERICAN VOLCANIC ARC-NORTHWESTERN SEGMENT / HONDURAS / PACIFIC OCEAN,TEGUCIGALPA,13.928,13.928,-87.236,-87.236,SUBAERIAL,,,s HON103 [4791],"BASALT, ANDESITIC [4791]",,,,,,,,,VOLCANIC ROCK,,,,,WHOLE_ROCK [4791] ,254378.12700000004,7851.354,,90501.92100000002,,,,71433.87,62035.96,30212.303999999996,1316.5786,,12452.25,23887.7954,2618.526,,,,,,,,,,,,,,,,,,,,,,,,,,,,,,,,,,,,,,,,,,,,24.28,,215.8,112.7,,,,44.68,62.4,,,,,,,25.4,653,30.1,195.4,10.3,,,,,,,,,,,,,738.3,22.5,48.4,,28.5,6.35,1.74,6.44,,4.69,,3.18,,2.38,,,,,,,,,,,,,,,,0.512818,,,0.704174,,,,,,,,,,,,,,,,,,,,,111317,
[4791],CONVERGENT MARGIN,CENTRAL AMERICAN VOLCANIC ARC / CENTRAL AMERICAN VOLCANIC ARC-NORTHWESTERN SEGMENT / HONDURAS / PACIFIC OCEAN,TEGUCIGALPA,13.956,13.956,-87.206,-87.206,SUBAERIAL,,,s HON106 [4791],"BASALT, ANDESITIC [4791]",,,,,,,,,VOLCANIC ROCK,,,,,WHOLE_ROCK [4791] ,247647.063,7132.145999999999,,91084.09710000001,,,,69024.24,64608.88,31900.816,1161.687,,10874.965,22923.381299999997,1963.8945,,,,,,,,,,,,,,,,,,,,,,,,,,,,,,,,,,,,,,,,,,,,24.47,,219.9,129.1,,,,64.76,59,,,,,,,21.7,637.7,26.3,153,7.21,,,,,,,,,,,,,638.2,18.8,41.3,,25.5,7.37,1.28,4.76,,4.3,,2.57,,2.35,,,,,,,,,,,,,,,,0.512828,,,0.704073,,,,,,,,,,,,,,,,,,,,,111318,
[4791],CONVERGENT MARGIN,CENTRAL AMERICAN VOLCANIC ARC / CENTRAL AMERICAN VOLCANIC ARC-NORTHWESTERN SEGMENT / HONDURAS / PACIFIC OCEAN,TEGUCIGALPA,13.954,13.954,-87.212,-87.212,SUBAERIAL,,,s HON107 [4791],"BASALT, ANDESITIC [4791]",,,,,,,,,VOLCANIC ROCK,,,,,WHOLE_ROCK [4791] ,248909.1375,6173.202,,91031.172,,,,68557.86,61964.49,30393.215999999997,1239.1328,,13282.400000000001,20697.8103,1745.6840000000002,,,,,,,,,,,,,,,,,,,,,,,,,,,,,,,,,,,,,,,,,,,,24.9,,219.5,99.09,,,,63.53,79.46,,,,,,,28.7,599.3,28.1,153.6,7.05,,,,,,,,,,,,,730.9,21.1,43.5,,25.6,5.94,1.37,5.44,,4.88,,3.75,,3.2,,,,,,,,,,,,,,,,0.512857,,,0.703956,,,,,,,,,,,,,,,,,,,,,111319,
[4791],CONVERGENT MARGIN,CENTRAL AMERICAN VOLCANIC ARC / CENTRAL AMERICAN VOLCANIC ARC-NORTHWESTERN SEGMENT / HONDURAS / PACIFIC OCEAN,TEGUCIGALPA,13.965,13.965,-87.209,-87.209,SUBAERIAL,,,s HON108 [4791],"BASALT, ANDESITIC [4791]",,,,,,,,,VOLCANIC ROCK,,,,,WHOLE_ROCK [4791] ,245964.29700000002,6293.07,,94365.4533,,,,72055.70999999999,65537.99,30875.647999999997,1239.1328,,10874.965,21958.9672,1658.3998000000001,,,,,,,,,,,,,,,,,,,,,,,,,,,,,,,,,,,,,,,,,,,,26.44,,228.3,83.31,,,,78.31,82.2,,,,,,,27.6,620.1,29.2,130.2,7.59,,,,,,,,,,,,,649.1,17.5,37.9,,23.4,5.13,1.35,4.69,,4.99,,2.33,,2.22,,,,,,,,,,,,,,,,0.51284,,,0.70405,,,,,,,,,,,,,,,,,,,,,111320,
[4791],CONVERGENT MARGIN,CENTRAL AMERICAN VOLCANIC ARC / CENTRAL AMERICAN VOLCANIC ARC-NORTHWESTERN SEGMENT / HONDURAS / PACIFIC OCEAN,TEGUCIGALPA,14.069,14.069,-87.273,-87.273,SUBAERIAL,,,s HON110 [4791],"BASALT, ANDESITIC [4791]",,,,,,,,,VOLCANIC ROCK,,,,,WHOLE_ROCK [4791] ,244234.7875,7431.816,,95318.10510000002,,,,75087.18000000001,67753.56,27016.192000000003,1239.1328,,11124.01,22478.267099999997,1527.4734999999998,,,,,,,,,,,,,,,,,,,,,,,,,,,,,,,,,,,,,,,,,,,,24.62,,234.9,56.88,,,,46.24,60.22,,,,,,,26.7,712.1,28.9,120.1,7.17,,,,,,,,,,,,,556.7,13.9,30.7,,20.6,6.2,1.04,4.8,,4.3,,2.6,,2.3,,,,,,,,,,,,,,,,0.512834,,,0.703986,,,,,,,,,,,,,,,,,,,,,111321,
[4791],CONVERGENT MARGIN,CENTRAL AMERICAN VOLCANIC ARC / CENTRAL AMERICAN VOLCANIC ARC-NORTHWESTERN SEGMENT / HONDURAS / PACIFIC OCEAN,TEGUCIGALPA,14.076,14.076,-87.24,-87.24,SUBAERIAL,,,s HON112 [4791],BASALT [4791],,,,,,,,,VOLCANIC ROCK,,,,,WHOLE_ROCK [4791] ,238719.05450000003,5933.465999999999,,95159.3298,,,,71356.14,62607.72,31177.167999999998,1471.4702,,10459.89,23071.752699999997,1440.1893,,,,,,,,,,,,,,,,,,,,,,,,,,,,,,,,,,,,,,,,,,,,29.36,,250,91.58,,,,45.1,82.79,,,,,,,21.9,587.9,54.2,123.8,6.66,,,,,,,,,,,,,912.4,32.8,69.7,,42,10.7,2.41,11.1,,8.86,,5.47,,5.29,,,,,,,,,,,,,,,,0.512921,,,0.703958,,,,,,,,,,,,,,,,,,,,,111322,
[4791],CONVERGENT MARGIN,CENTRAL AMERICAN VOLCANIC ARC / CENTRAL AMERICAN VOLCANIC ARC-NORTHWESTERN SEGMENT / HONDURAS / PACIFIC OCEAN,TEGUCIGALPA,14.163,14.163,-87.325,-87.325,SUBAERIAL,,,s HON114 [4791],"BASALT, ANDESITIC [4791]",,,,,,,,,VOLCANIC ROCK,,,,,WHOLE_ROCK [4791] ,254565.10100000002,7252.013999999999,,88755.3927,,,,71356.14,52887.8,19719.408,1316.5786,,13697.474999999999,24555.4667,1440.1893,,,,,,,,,,,,,,,,,,,,,,,,,,,,,,,,,,,,,,,,,,,,27.98,,254.9,13.92,,,,17.17,10.15,,,,,,,42.2,550.2,71.9,134.6,9.7,,,,,,,,,,,,,877.5,40.5,72.7,,49.3,11.5,2.82,12,,11.5,,7.21,,4.69,,,,,,,,,,,,,,,,0.512797,,,0.704509,,,,,,,,,,,,,,,,,,,,,111323,
[4791],CONVERGENT MARGIN,CENTRAL AMERICAN VOLCANIC ARC / CENTRAL AMERICAN VOLCANIC ARC-NORTHWESTERN SEGMENT / HONDURAS / PACIFIC OCEAN,TEGUCIGALPA,14.26,14.26,-87.392,-87.392,SUBAERIAL,,,s HON115 [4791],BASALT [4791],,,,,,,,,VOLCANIC ROCK,,,,,WHOLE_ROCK [4791] ,242271.56050000002,6832.475999999999,,95212.2549,,,,70267.92,63250.95,32925.984,1161.687,,8882.605000000001,23220.124099999997,1745.6840000000002,,,,,,,,,,,,,,,,,,,,,,,,,,,,,,,,,,,,,,,,,,,,26.31,,238.5,98.83,,,,42.12,62.73,,,,,,,16.7,609.7,31.2,157.9,8.36,,,,,,,,,,,,,560.2,19.8,34,,24.1,6.31,1.6,5.39,,4.21,,2.35,,2.68,,,,,,,,,,,,,,,,0.51284,,,0.704007,,,,,,,,,,,,,,,,,,,,,111324,
[4791],CONVERGENT MARGIN,CENTRAL AMERICAN VOLCANIC ARC / CENTRAL AMERICAN VOLCANIC ARC-NORTHWESTERN SEGMENT / HONDURAS / PACIFIC OCEAN,TEGUCIGALPA,14.136,14.136,-87.341,-87.341,SUBAERIAL,,,s HON116 [4791],BASALT [4791],,,,,,,,,VOLCANIC ROCK,,,,,WHOLE_ROCK [4791] ,240214.8465,7551.683999999999,,92460.1497,,,,70578.84,62250.37,32805.376000000004,1084.2412000000002,,12203.205,24332.9096,1789.3261,,,,,,,,,,,,,,,,,,,,,,,,,,,,,,,,,,,,,,,,,,,,25.44,,221.5,124.3,,,,75.01,64.51,,,,,,,25.6,562.5,30.7,145,20.4,,,,,,,,,,,,,600.5,21.7,40.8,,27.2,5.38,1.29,5.42,,4.91,,2.65,,2.8,,,,,,,,,,,,,,,,0.512852,,,0.703884,,,,,,,,,,,,,,,,,,,,,111325,
[4791],CONVERGENT MARGIN,CENTRAL AMERICAN VOLCANIC ARC / CENTRAL AMERICAN VOLCANIC ARC-NORTHWESTERN SEGMENT / HONDURAS / PACIFIC OCEAN,TEGUCIGALPA,14.077,14.077,-87.311,-87.311,SUBAERIAL,,,s HON118 [4791],"BASALT, ANDESITIC [4791]",,,,,,,,,VOLCANIC ROCK,,,,,WHOLE_ROCK [4791] ,250264.69900000002,5214.258,,91983.8238,,,,67469.64,67038.86,36061.792,1548.9160000000002,,17018.074999999997,20178.5104,1483.8314,,,,,,,,,,,,,,,,,,,,,,,,,,,,,,,,,,,,,,,,,,,,29.1,,252.2,124.9,,,,57.87,74.44,,,,,,,54.1,659.7,53.9,119.4,3.89,,,,,,,,,,,,,942.3,24.2,38.9,,25.3,6.18,1.44,7.07,,6.13,,3.59,,3.69,,,,,,,,,,,,,,,,0.512891,,,0.70408,,,,,,,,,,,,,,,,,,,,,111326,
[4791],CONVERGENT MARGIN,CENTRAL AMERICAN VOLCANIC ARC / CENTRAL AMERICAN VOLCANIC ARC-NORTHWESTERN SEGMENT / HONDURAS / PACIFIC OCEAN,TEGUCIGALPA,14.091,14.091,-87.366,-87.366,SUBAERIAL,,,s HON119 [4791],"BASALT, ANDESITIC [4791]",,,,,,,,,VOLCANIC ROCK,,,,,WHOLE_ROCK [4791] ,244234.7875,7851.354,,91242.8724,,,,70734.3,64537.409999999996,33287.808,1239.1328,,11705.115,22849.1956,2007.5366000000001,,,,,,,,,,,,,,,,,,,,,,,,,,,,,,,,,,,,,,,,,,,,26.26,,223.5,107.7,,,,50.15,76.23,,,,,,,26.3,577.7,37.4,185.9,12.9,,,,,,,,,,,,,653.6,28.3,48.5,,35.5,9.19,2.18,7.58,,6.21,,2.97,,2.99,,,,,,,,,,,,,,,,0.512828,,,0.703941,,,,,,,,,,,,,,,,,,,,,111327,
[4791],CONVERGENT MARGIN,CENTRAL AMERICAN VOLCANIC ARC / CENTRAL AMERICAN VOLCANIC ARC-NORTHWESTERN SEGMENT / HONDURAS / PACIFIC OCEAN,TEGUCIGALPA,14.081,14.081,-87.331,-87.331,SUBAERIAL,,,s HON120 [4791],"BASALT, ANDESITIC [4791]",,,,,,,,,VOLCANIC ROCK,,,,,WHOLE_ROCK [4791] ,245730.57950000002,6233.1359999999995,,91613.3481,,,,72599.81999999999,64680.350000000006,32021.423999999995,1316.5786,,12452.25,21810.5958,1614.7576999999999,,,,,,,,,,,,,,,,,,,,,,,,,,,,,,,,,,,,,,,,,,,,26.48,,231,76.2,,,,59.71,79.15,,,,,,,28.9,626.1,43.2,136,7.17,,,,,,,,,,,,,783.2,28.3,53.4,,35.7,8.72,1.42,6.73,,7.78,,5.65,,3.26,,,,,,,,,,,,,,,,0.51286,,,0.703975,,,,,,,,,,,,,,,,,,,,,111328,
[4791],CONVERGENT MARGIN,CENTRAL AMERICAN VOLCANIC ARC / CENTRAL AMERICAN VOLCANIC ARC-NORTHWESTERN SEGMENT / HONDURAS / PACIFIC OCEAN,TEGUCIGALPA,14.039,14.039,-87.067,-87.067,SUBAERIAL,,,s HON123 [4791],BASALT [4791],,,,,,,,,VOLCANIC ROCK,,,,,WHOLE_ROCK [4791] ,241991.09950000004,7431.816,,90978.24690000001,,,,71822.52,61392.729999999996,28523.792,1239.1328,,11290.04,22700.8242,2094.8208,,,,,,,,,,,,,,,,,,,,,,,,,,,,,,,,,,,,,,,,,,,,26.85,,234.5,116.9,,,,53.78,67.09,,,,,,,20.7,664,51.5,148.9,9.4,,,,,,,,,,,,,739.3,23.8,44.8,,29.4,8.42,1.58,6.93,,5.46,,4.96,,2.98,,,,,,,,,,,,,,,,0.51285,,,0.704072,,,,,,,,,,,,,,,,,,,,,111329,
[4791],CONVERGENT MARGIN,CENTRAL AMERICAN VOLCANIC ARC / CENTRAL AMERICAN VOLCANIC ARC-NORTHWESTERN SEGMENT / HONDURAS / PACIFIC OCEAN,TEGUCIGALPA,14.215,14.215,-87.264,-87.264,SUBAERIAL,,,s HON125 [4791],BASALT [4791],,,,,,,,,VOLCANIC ROCK,,,,,WHOLE_ROCK [4791] ,239233.233,6053.334,,93042.32579999999,,,,68013.75,69468.84000000001,29790.176,1161.687,,11040.995,23294.3098,1876.6103,,,,,,,,,,,,,,,,,,,,,,,,,,,,,,,,,,,,,,,,,,,,26.7,,228.8,73.97,,,,34.78,68.77,,,,,,,18.6,611.5,31.5,212.2,10.5,,,,,,,,,,,,,816.1,23,46.4,,28.2,6.61,1.58,5.45,,4.53,,3.45,,2.46,,,,,,,,,,,,,,,,0.51283,,,0.704026,,,,,,,,,,,,,,,,,,,,,111330,
[4791],CONVERGENT MARGIN,CENTRAL AMERICAN VOLCANIC ARC / CENTRAL AMERICAN VOLCANIC ARC-NORTHWESTERN SEGMENT / HONDURAS / PACIFIC OCEAN,ZACATE GRANDE,13.358,13.358,-87.603,-87.603,SUBAERIAL,,,s ZA1 [4791],NOT GIVEN [4791],,,,,,,,,VOLCANIC ROCK,,,,,WHOLE_ROCK [4791] ,294624.28050000005,3685.941,,87326.41500000001,,,,42829.229999999996,30017.4,6814.351999999999,1084.2412000000002,,12286.22,38057.2641,1505.6524499999998,,,,,,,,,,,,,,,,,,,,,,,,,,,,,,,,,,,,,,,,,,,,9.88,,21.92,5.57,,,,3.67,10.91,,,,,,,22.3,501.9,50.7,99.94,5.73,,,,,,,,,,,,,1011,16.1,28.6,,22.5,5.6,1.81,5.97,,6.74,,5.35,,3.47,,,,,,,,,,,,,,,,0.512989,,,0.703856,,,,,,,,,,,,,,,,,,,,,111331,
[4791],CONVERGENT MARGIN,CENTRAL AMERICAN VOLCANIC ARC / CENTRAL AMERICAN VOLCANIC ARC-NORTHWESTERN SEGMENT / HONDURAS / PACIFIC OCEAN,ZACATE GRANDE,13.314,13.314,-87.586,-87.586,SUBAERIAL,,,s ZA3 [4791],NOT GIVEN [4791],,,,,,,,,VOLCANIC ROCK,,,,,WHOLE_ROCK [4791] ,244281.53100000002,5813.597999999999,,99922.5888,,,,71356.14,63965.649999999994,25207.071999999996,1316.5786,,7222.305,24332.9096,1352.9051,,,,,,,,,,,,,,,,,,,,,,,,,,,,,,,,,,,,,,,,,,,,25.83,,224.7,25.21,,,,22.69,104.4,,,,,,,14.1,552.4,25.7,102.4,4.27,,,,,,,,,,,,,535.7,11,23.7,,15.9,3.32,1.26,3.83,,3.7,,3,,1.75,,,,,,,,,,,,,,,,0.513023,,,0.703881,,,,,,,,,,,,,,,,,,,,,111333,
[4791],CONVERGENT MARGIN,CENTRAL AMERICAN VOLCANIC ARC / CENTRAL AMERICAN VOLCANIC ARC-NORTHWESTERN SEGMENT / HONDURAS / PACIFIC OCEAN,ZACATE GRANDE,13.321,13.321,-87.615,-87.615,SUBAERIAL,,,s ZA5 [4791],NOT GIVEN [4791],,,,,,,,,VOLCANIC ROCK,,,,,WHOLE_ROCK [4791] ,273122.27050000004,5993.4,,90396.0708,,,,54877.38,45169.04,14292.048,1548.9160000000002,,10542.905,30861.2512,1440.1893,,,,,,,,,,,,,,,,,,,,,,,,,,,,,,,,,,,,,,,,,,,,21.64,,108.6,8.25,,,,6.26,48.88,,,,,,,17.4,528.3,34.8,83.34,4.52,,,,,,,,,,,,,700.5,10.4,23.6,,17.6,3.17,1.56,4.38,,4.65,,3.89,,2.72,,,,,,,,,,,,,,,,0.512985,,,0.703813,,,,,,,,,,,,,,,,,,,,,111335,
[4791],CONVERGENT MARGIN,CENTRAL AMERICAN VOLCANIC ARC / CENTRAL AMERICAN VOLCANIC ARC-NORTHWESTERN SEGMENT / HONDURAS / PACIFIC OCEAN,ZACATE GRANDE,13.313,13.313,-87.618,-87.618,SUBAERIAL,,,s ZA6 [4791],NOT GIVEN [4791],,,,,,,,,VOLCANIC ROCK,,,,,WHOLE_ROCK [4791] ,232361.93850000002,4674.852,,119293.17540000001,,,,56431.979999999996,79331.7,17186.64,1084.2412000000002,,3901.705,21365.4816,698.2736,,,,,,,,,,,,,,,,,,,,,,,,,,,,,,,,,,,,,,,,,,,,22.1,,192.6,11.08,,,,5.52,89.33,,,,,,,5.9,701.5,20.3,31.8,2.24,,,,,,,,,,,,,336.3,5.5,11.7,,9.05,2.21,0.85,2.42,,2.91,,1.93,,1.57,,,,,,,,,,,,,,,,0.512921,,,0.703777,,,,,,,,,,,,,,,,,,,,,111336,
[4791],CONVERGENT MARGIN,CENTRAL AMERICAN VOLCANIC ARC / CENTRAL AMERICAN VOLCANIC ARC-NORTHWESTERN SEGMENT / HONDURAS / YOJOA / PACIFIC OCEAN,LAKE YOJOA,14.981,14.981,-88.026,-88.026,SUBAERIAL,,,s YO11 [4791],"BASALT, ALKALINE [4791]",,,,,,,,,VOLCANIC ROCK,,,,,WHOLE_ROCK [4791] ,226332.02700000003,11447.393999999998,,103521.4956,,,,65526.39,70540.89,23880.384,1239.1328,,12369.235,29080.7944,2443.9576,,,,,,,,,,,,,,,,,,,,,,,,,,,,,,,,,,,,,,,,,,,,21.28,,157.1,36.27,,,,20.09,23.74,,,,,,,15.1,659.4,33.6,217.7,39.7,,,,,,,,,,,,,298.4,21.6,45.9,,25.4,6.6,2.22,6.21,,5.54,,2.96,,2.66,,,,,,,,,,,,,,,,0.513035,,,0.702942,,,,,,,,,,,,,,,,,,,,,111347,
[4791],CONVERGENT MARGIN,CENTRAL AMERICAN VOLCANIC ARC / CENTRAL AMERICAN VOLCANIC ARC-NORTHWESTERN SEGMENT / HONDURAS / YOJOA / PACIFIC OCEAN,LAKE YOJOA,14.986,14.986,-88.019,-88.019,SUBAERIAL,,,s YO13 [4791],"BASALT, ALKALINE [4791]",,,,,,,,,VOLCANIC ROCK,,,,,WHOLE_ROCK [4791] ,230398.7115,11087.789999999999,,106061.9004,,,,64360.439999999995,72470.58,24664.336,1161.687,,12120.19,29971.0228,2225.7471,,,,,,,,,,,,,,,,,,,,,,,,,,,,,,,,,,,,,,,,,,,,20.86,,167.4,34.21,,,,8.33,25.46,,,,,,,14.6,667.9,28.9,196.2,35,,,,,,,,,,,,,275.2,20.2,42.6,,23,7.97,1.57,5.66,,5.05,,3.05,,2.48,,,,,,,,,,,,,,,,0.513018,,,0.702953,,,,,,,,,,,,,,,,,,,,,111348,
[4791],CONVERGENT MARGIN,CENTRAL AMERICAN VOLCANIC ARC / CENTRAL AMERICAN VOLCANIC ARC-NORTHWESTERN SEGMENT / EL SALVADOR / PACIFIC OCEAN,NEAR GULF OF FONSECA,13.2,13.2,-87.71,-87.71,SUBAERIAL,,,s IM1 [4791],NOT GIVEN [4791],,,,,,,,,VOLCANIC ROCK,,,,,WHOLE_ROCK [4791] ,255219.51000000004,4495.049999999999,,95794.43100000001,,,,52001.37,61607.13999999999,24784.944,1006.7954,,7554.365000000001,24778.0238,872.8420000000001,,,,,,,,,,,,,,,,,,,,,,,,,,,,,,,,,,,,,,,,,,,,25.92,,201.8,25.25,,,,18.72,61.57,,,,,,,13.7,489.3,22.99,89.68,5.1,,,,,,,,,,,,,564.6,9.03,19.53,,11.81,3.17,0.98,3.63,,3.68,,2.17,,2.17,,,,,,,,,,,,,,,,,,,,,,,,,,,,,,,,,,,,,,,,111351,
[4791],CONVERGENT MARGIN,CENTRAL AMERICAN VOLCANIC ARC / CENTRAL AMERICAN VOLCANIC ARC-NORTHWESTERN SEGMENT / GUATEMALA / PACIFIC OCEAN,SOUTHEAST GUATEMALA,15,15,-90,-90,SUBAERIAL,,,s SE-G1 [4791],NOT GIVEN [4791],,,,,,,,,PLUTONIC ROCK,,,,,WHOLE_ROCK [4791] ,331130.954,1558.2839999999999,,70760.8587,,,,13602.75,3430.56,844.2560000000001,77.4458,,32707.91,34570.5362,174.5684,,,,,,,,,,,,,,,,,,,,,,,,,,,,,,,,,,,,,,,,,,,,5.99,,2.01,5.55,,,,3.87,15.18,,,,,,,,101.6,32.87,274.7,,,,,,,,,,,,,,862.8,23.53,48.94,,22.81,5.2,0.91,4.61,,4.81,,3.78,,3.21,,,,,,,,,,,,,,,,0.51274,,,0.705955,,,,,,,,,,,,,,,,,,,,,111353,
[4791],CONVERGENT MARGIN,CENTRAL AMERICAN VOLCANIC ARC / CENTRAL AMERICAN VOLCANIC ARC-NORTHWESTERN SEGMENT / GUATEMALA / PACIFIC OCEAN,SOUTHEAST GUATEMALA,15,15,-90,-90,SUBAERIAL,,,s SE-G2 [4791],NOT GIVEN [4791],,,,,,,,,PLUTONIC ROCK,,,,,WHOLE_ROCK [4791] ,278824.97750000004,5753.664,,83304.10740000001,,,,53167.32,43167.88,20081.232,1084.2412000000002,,13282.400000000001,21736.4101,842.29253,,,,,,,,,,,,,,,,,,,,,,,,,,,,,,,,,,,,,,,,,,,,23.43,,173,51.76,,,,20.83,41.95,,,,,,,,236.8,38.82,268.3,,,,,,,,,,,,,,511.6,19.34,49.06,,24.17,6.14,1.31,6.23,,6.1,,4.04,,3.27,,,,,,,,,,,,,,,,0.512632,,,0.706598,,,,,,,,,,,,,,,,,,,,,111354,
[4789],CONVERGENT MARGIN,CENTRAL AMERICAN VOLCANIC ARC / CENTRAL AMERICAN VOLCANIC ARC-NORTHWESTERN SEGMENT / NICARAGUA / MASAYA / LAS SIERRAS FORMATION / PACIFIC OCEAN,,11.98,11.98,-86.15,-86.15,SUBAERIAL,,,s LB-2 [4789],BASALT [4789],,,,NEOGENE [4789],,,,,VOLCANIC ROCK,,,,,WHOLE_ROCK [4789] ,251012.59500000003,5813.597999999999,,82563.156,,,,83248.83,62178.899999999994,22131.568,1626.3618,,11954.16,22700.8242,1178.3367,,,,,,,,,,,,,,,,,,,,,,,,,,,,,,,,,,,,,,,,,,,,34,,330,,,,,,,,,,,,,35,434,,117,,,,,,,,,,,,,,991,,,,,,,,,,,,,,,,,,,,,,,,,,,,,,,,,,,,,,,,,,,,,,,,,,,,,111634,
[4789],CONVERGENT MARGIN,CENTRAL AMERICAN VOLCANIC ARC / CENTRAL AMERICAN VOLCANIC ARC-NORTHWESTERN SEGMENT / NICARAGUA / MASAYA / MASAYA TUFF / PACIFIC OCEAN,,11.98,11.98,-86.15,-86.15,SUBAERIAL,,,s MS-1 [4789],BASALT [4789],,,,QUATERNARY [4789],,,,,VOLCANIC ROCK,,,,,WHOLE_ROCK [4789] ,236522.11000000002,7431.816,,84680.16,,,,89389.5,74328.8,26413.152,1626.3618,,9463.71,21217.1102,1178.3367,,,,,,,,,,,,,,,,,,,,,,,,,,,,,,,,,,,,,,,,,,,,,,354,43,,,,34,,,,,,,,23,443,,,,,,,,,,,,,,,,820,,,,,,,,,,,,,,,,,,,,,,,,,,,,,,,,0.704157,,,,,,,,,,,,,,,,,,,,,111636,
[4789],CONVERGENT MARGIN,CENTRAL AMERICAN VOLCANIC ARC / CENTRAL AMERICAN VOLCANIC ARC-NORTHWESTERN SEGMENT / NICARAGUA / MASAYA / MASAYA TUFF / PACIFIC OCEAN,,11.98,11.98,-86.15,-86.15,SUBAERIAL,,,s MS-8 [4789],BASALT [4789],,,,QUATERNARY [4789],,,,,VOLCANIC ROCK,,,,,WHOLE_ROCK [4789] ,232315.19500000004,7551.683999999999,,86797.16399999999,,,,90944.09999999999,75758.2,29006.223999999995,1626.3618,,8384.515,20178.5104,1091.0525,,,,,,,,,,,,,,,,,,,,,,,,,,,,,,,,,,,,,,,,,,,,45,,378,44,,,,30,,,,,,,,18,442,,133,,,,,,,,,,,,,,775,,,,,,,,,,,,,,,,,,,,,,,,,,,,,,,,,,,,,,,,,,,,,,,,,,,,,111637,
[4789],CONVERGENT MARGIN,CENTRAL AMERICAN VOLCANIC ARC / CENTRAL AMERICAN VOLCANIC ARC-NORTHWESTERN SEGMENT / NICARAGUA / MASAYA / MASAYA TUFF / PACIFIC OCEAN,,11.98,11.98,-86.15,-86.15,SUBAERIAL,,,s MA-36 [4789],BASALT [4789],,,,QUATERNARY [4789],,,,,VOLCANIC ROCK,,,,,WHOLE_ROCK [4789] ,230912.89,7371.882,,76212.144,,,,98717.09999999999,70826.77,28403.183999999997,1936.145,,10791.95,19510.839099999997,1483.8314,,,,,,,,,,,,,,,,,,,,,,,,,,,,,,,,,,,,,,,,,,,,37,,432,,,,,,,,,,,,,30,442,,138,,,,,,,,,,,,,,1034,,,,,,,,,,,,,,,,,,,,,,,,,,,,,,,,,,,,,,,,,,,,,,,,,,,,,111638,
[4789],CONVERGENT MARGIN,CENTRAL AMERICAN VOLCANIC ARC / CENTRAL AMERICAN VOLCANIC ARC-NORTHWESTERN SEGMENT / NICARAGUA / MASAYA / PACIFIC OCEAN,SHIELD VOLCANO,11.983,11.983,-86.14999,-86.14999,SUBAERIAL,,,s LM-23A [4789],BASALT [4789],,,,QUATERNARY [4789],,,,,VOLCANIC ROCK,,,,,WHOLE_ROCK [4789] ,246805.68,7192.079999999999,,79387.65000000001,,,,93742.38,61535.67,23096.432,1781.2534,,13033.355000000001,22033.1529,1440.1893,,,,,,,,,,,,,,,,,,,,,,,,,,,,,,,,,,,,,,,,,,,,35,,406,,,,,,,,,,,,,36,437,,109,,,,,,,,,,,,,,1111,,,,,,,,,,,,,,,,,,,,,,,,,,,,,,,,,,,,,,,,,,,,,,,,,,,,,111639,
[4789],CONVERGENT MARGIN,CENTRAL AMERICAN VOLCANIC ARC / CENTRAL AMERICAN VOLCANIC ARC-NORTHWESTERN SEGMENT / NICARAGUA / MASAYA / PACIFIC OCEAN,SHIELD VOLCANO,11.983,11.983,-86.14999,-86.14999,SUBAERIAL,,,s LM-14 [4789],BASALT [4789],,,,QUATERNARY [4789],,,,,VOLCANIC ROCK,,,,,WHOLE_ROCK [4789] ,237456.98,6412.938,,35989.068,,,,88145.81999999999,67324.74,23578.863999999998,1703.8076,,8716.575,18546.425,1134.6946,,,,,,,,,,,,,,,,,,,,,,,,,,,,,,,,,,,,,,,,,,,,35,,299,,,,,,,,,,,,,23,476,,92,,,,,,,,,,,,,,912,,,,,,,,,,,,,,,,,,,,,,,,,,,,,,,,,,,,,,,,,,,,,,,,,,,,,111640,
[4789],CONVERGENT MARGIN,CENTRAL AMERICAN VOLCANIC ARC / CENTRAL AMERICAN VOLCANIC ARC-NORTHWESTERN SEGMENT / NICARAGUA / MASAYA / MASAYA TUFF / PACIFIC OCEAN,,11.98,11.98,-86.15,-86.15,SUBAERIAL,,,s MA-70 [4789],BASALT [4789],,,,QUATERNARY [4789],,,,,VOLCANIC ROCK,,,,,WHOLE_ROCK [4789] ,236054.67500000002,6293.07,,86267.913,,,,88612.2,71470,22614.,1703.8076,,9463.71,20994.5531,1091.0525,,,,,,,,,,,,,,,,,,,,,,,,,,,,,,,,,,,,,,,,,,,,42,,344,,,,,,,,,,,,,22,494,,117,,,,,,,,,,,,,,882,,,,,,,,,,,,,,,,,,,,,,,,,,,,,,,,0.704216,,,,,,,,,,,,,,,,,,,,,111641,
[4789],CONVERGENT MARGIN,CENTRAL AMERICAN VOLCANIC ARC / CENTRAL AMERICAN VOLCANIC ARC-NORTHWESTERN SEGMENT / NICARAGUA / MASAYA / MASAYA TUFF / PACIFIC OCEAN,,11.98,11.98,-86.15,-86.15,SUBAERIAL,,,s LM-10 [4789],BASALT [4789],,,,QUATERNARY [4789],,,,,VOLCANIC ROCK,,,,,WHOLE_ROCK [4789] ,231847.76000000004,6472.872,,82563.156,,,,90166.8,72899.4,33408.416,1703.8076,,9131.650000000001,19955.953299999997,1134.6946,,,,,,,,,,,,,,,,,,,,,,,,,,,,,,,,,,,,,,,,,,,,,,398,,,,,,,,,,,,,24,483,,,,,,,,,,,,,,,,865,,,,,,,,,,,,,,,,,,,,,,,,,,,,,0.513024,,,0.704121,,,,,,,,,,,,,,,,,,,,,111642,
[4789],CONVERGENT MARGIN,CENTRAL AMERICAN VOLCANIC ARC / CENTRAL AMERICAN VOLCANIC ARC-NORTHWESTERN SEGMENT / NICARAGUA / MASAYA / MASAYA TUFF / PACIFIC OCEAN,,11.98,11.98,-86.15,-86.15,SUBAERIAL,,,s MS-14 [4789],BASALT [4789],,,,QUATERNARY [4789],,,,,VOLCANIC ROCK,,,,,WHOLE_ROCK [4789] ,233717.50000000003,5933.465999999999,,85209.41100000001,,,,86280.3,73614.1,32262.639999999996,1703.8076,,8633.56,21439.6673,698.2736,,,,,,,,,,,,,,,,,,,,,,,,,,,,,,,,,,,,,,,,,,,,,,341,45,,,,27,,,,,,,,12,497,,,,,,,,,,,,,,,,780,,,,,,,,,,,,,,,,,,,,,,,,,,,,,0.513067,,,0.704207,,,,,,,,,,,,,,,,,,,,,111643,
[4789],CONVERGENT MARGIN,CENTRAL AMERICAN VOLCANIC ARC / CENTRAL AMERICAN VOLCANIC ARC-NORTHWESTERN SEGMENT / NICARAGUA / MASAYA / MASAYA TUFF / PACIFIC OCEAN,,11.98,11.98,-86.15,-86.15,SUBAERIAL,,,s MS-11 [4789],BASALT [4789],,,,QUATERNARY [4789],,,,,VOLCANIC ROCK,,,,,WHOLE_ROCK [4789] ,236989.54500000004,6113.268,,86797.16399999999,,,,85503,75043.5,28463.487999999998,1626.3618,,8882.605000000001,21217.1102,960.1262,,,,,,,,,,,,,,,,,,,,,,,,,,,,,,,,,,,,,,,,,,,,,,346,45,,,,30,,,,,,,,24,478,,,,,,,,,,,,,,,,818,,,,,,,,,,,,,,,,,,,,,,,,,,,,,,,,0.704186,,,,,,,,,,,,,,,,,,,,,111644,
[5025],CONVERGENT MARGIN,CENTRAL AMERICAN VOLCANIC ARC / CENTRAL AMERICAN VOLCANIC ARC-NORTHWESTERN SEGMENT / GUATEMALA / PACIFIC OCEAN,SOUTHEASTERN  GUATEMALA TRANSECT (BEHIND-THE-FRONT VOLCANISM),14,14.5,-89.5,-90.8,SUBAERIAL,,,s GUC26 [5025],BASALT [5025],,,,,,,,,VOLCANIC ROCK,,,,,WHOLE_ROCK [5025] ,242131.33000000002,7012.277999999999,,96323.682,,,,72055.70999999999,58605.399999999994,29126.832,1239.1328,,8965.62,27003.5948,1920.2524,,,,,,,,,,,,,,,,,,,,,,,,,,,,,,,,,,,,,,,,,,,,,,,39,,,,27,,,,,,,,11.4,612,30.5,124,11.4,,,,,,,,,,,,,670,15.8,32.8,,20.4,4.67,1.64,5.29,,5.01,,2.7,,2.56,,,,,,,,,,,,,,,,0.51293,,,0.70384,,18.681,,15.613,,38.405,,,,,,,,,,,,,,,115153,
[5025],CONVERGENT MARGIN,CENTRAL AMERICAN VOLCANIC ARC / CENTRAL AMERICAN VOLCANIC ARC-NORTHWESTERN SEGMENT / GUATEMALA / PACIFIC OCEAN,SOUTHEASTERN  GUATEMALA TRANSECT (BEHIND-THE-FRONT VOLCANISM),14,14.5,-89.5,-90.8,SUBAERIAL,,,s GUC601 [5025],BASALT [5025],,,,,,,,,VOLCANIC ROCK,,,,,WHOLE_ROCK [5025] ,242131.33000000002,6173.202,,93677.427,,,,71511.59999999999,64323,31478.688,1239.1328,,8965.62,24036.1668,567.3473,,,,,,,,,,,,,,,,,,,,,,,,,,,,,,,,,,,,,,,,,,,,,,,80,,,,40,,,,,,,,22.4,589,26.1,103,5.7,,,,,,,,,,,,,783,13.8,29.4,,17.6,3.69,1.31,4.36,,4.1,,2.5,,2.22,,,,,,,,,,,,,,,,0.5128,,,0.7043,,18.676,,15.582,,38.336,,,,,,,,,,,,,,,115154,
[5025],CONVERGENT MARGIN,CENTRAL AMERICAN VOLCANIC ARC / CENTRAL AMERICAN VOLCANIC ARC-NORTHWESTERN SEGMENT / GUATEMALA / PACIFIC OCEAN,SOUTHEASTERN  GUATEMALA TRANSECT (BEHIND-THE-FRONT VOLCANISM),14,14.5,-89.5,-90.8,SUBAERIAL,,,s GUC309 [5025],BASALT [5025],,,,,,,,,VOLCANIC ROCK,,,,,WHOLE_ROCK [5025] ,246805.68,5933.465999999999,,94735.92899999999,,,,73066.2,62178.899999999994,30694.735999999997,1316.5786,,6641.200000000001,26261.7378,1658.3998000000001,,,,,,,,,,,,,,,,,,,,,,,,,,,,,,,,,,,,,,,,,,,,,,,49,,,,16,,,,,,,,10.3,597,30.5,96,6.7,,,,,,,,,,,,,436,11.4,26.3,,17.9,4.22,1.53,4.78,,4.88,,2.8,,2.51,,,,,,,,,,,,,,,,0.51284,,,0.70393,,18.618,,15.563,,38.22,,,,,,,,,,,,,,,115157,
[5025],CONVERGENT MARGIN,CENTRAL AMERICAN VOLCANIC ARC / CENTRAL AMERICAN VOLCANIC ARC-NORTHWESTERN SEGMENT / GUATEMALA / PACIFIC OCEAN,SOUTHEASTERN  GUATEMALA TRANSECT (BEHIND-THE-FRONT VOLCANISM),14,14.5,-89.5,-90.8,SUBAERIAL,,,s GUC403 [5025],BASALT [5025],,,,,,,,,VOLCANIC ROCK,,,,,WHOLE_ROCK [5025] ,227173.41000000003,9469.572,,91560.42300000001,,,,71356.14,77902.3,40584.592,1239.1328,,6060.095,24481.281,567.3473,,,,,,,,,,,,,,,,,,,,,,,,,,,,,,,,,,,,,,,,,,,,,,,266,,,,67,,,,,,,,10.8,497,27.9,131,11.4,,,,,,,,,,,,,327,10.8,27.2,,15.9,4.01,1.37,4.64,,4.81,,2.87,,2.04,,,,,,,,,,,,,,,,0.51294,,,0.70337,,18.692,,15.582,,38.295,,,,,,,,,,,,,,,115158,
[5025],CONVERGENT MARGIN,CENTRAL AMERICAN VOLCANIC ARC / CENTRAL AMERICAN VOLCANIC ARC-NORTHWESTERN SEGMENT / GUATEMALA / PACIFIC OCEAN,SOUTHEASTERN  GUATEMALA TRANSECT (BEHIND-THE-FRONT VOLCANISM),14,14.5,-89.5,-90.8,SUBAERIAL,,,s GUC835 [5025],BASALT [5025],,,,,,,,,VOLCANIC ROCK,,,,,WHOLE_ROCK [5025] ,235260.0355,8330.826,,95582.7306,,,,75709.02,66967.39,28463.487999999998,1316.5786,,9048.635,29154.9801,1571.1155999999999,,,,,,,,,,,,,,,,,,,,,,,,,,,,,,,,,,,,,,,,,,,,,,,23,,,,12,,,,,,,,18.9,653,28,134,8,,,,,,,,,,,,,544,,,,,,,,,,,,,,,,,,,,,,,,,,,,,0.51283,,,0.70415,,18.684,,15.583,,38.337,,,,,,,,,,,,,,,115159,
[5025],CONVERGENT MARGIN,CENTRAL AMERICAN VOLCANIC ARC / CENTRAL AMERICAN VOLCANIC ARC-NORTHWESTERN SEGMENT / GUATEMALA / PACIFIC OCEAN,SOUTHEASTERN  GUATEMALA TRANSECT (BEHIND-THE-FRONT VOLCANISM),14,14.5,-89.5,-90.8,SUBAERIAL,,,s GUC30 [5025],BASALT [5025],,,,,,,,,VOLCANIC ROCK,,,,,WHOLE_ROCK [5025] ,231847.76000000004,8210.958,,84680.16,,,,68480.13,67896.5,48243.2,1239.1328,,7803.41,23739.424,1876.6103,,,,,,,,,,,,,,,,,,,,,,,,,,,,,,,,,,,,,,,,,,,,,,,267,,,,108,,,,,,,,11.2,516,25.4,133,10.2,,,,,,,,,,,,,307,12.1,28.9,,16.7,4.38,1.37,4.41,,4.39,,2.4,,2.06,,,,,,,,,,,,,,,,0.51288,,,0.70359,,18.684,,15.585,,38.332,,,,,,,,,,,,,,,115160,
[5025],CONVERGENT MARGIN,CENTRAL AMERICAN VOLCANIC ARC / CENTRAL AMERICAN VOLCANIC ARC-NORTHWESTERN SEGMENT / GUATEMALA / PACIFIC OCEAN,SOUTHEASTERN  GUATEMALA TRANSECT (BEHIND-THE-FRONT VOLCANISM),14,14.5,-89.5,-90.8,SUBAERIAL,,,s GUC307 [5025],BASALT [5025],,,,,,,,,VOLCANIC ROCK,,,,,WHOLE_ROCK [5025] ,233250.065,7971.222,,92618.925,,,,68946.51,70040.6,37991.52,1239.1328,,7637.38,26261.7378,1309.263,,,,,,,,,,,,,,,,,,,,,,,,,,,,,,,,,,,,,,,,,,,,,,,167,,,,62,,,,,,,,13.9,563,26,143,8.1,,,,,,,,,,,,,353,12.6,30.3,,18.3,4.05,1.41,4.57,,4.46,,2.5,,2.34,,,,,,,,,,,,,,,,0.5129,,,0.70368,,,,,,,,,,,,,,,,,,,,,115162,
[5025],CONVERGENT MARGIN,CENTRAL AMERICAN VOLCANIC ARC / CENTRAL AMERICAN VOLCANIC ARC-NORTHWESTERN SEGMENT / GUATEMALA / PACIFIC OCEAN,SOUTHEASTERN  GUATEMALA TRANSECT (BEHIND-THE-FRONT VOLCANISM),14,14.5,-89.5,-90.8,SUBAERIAL,,,s GUC404 [5025],BASALT [5025],,,,,,,,,VOLCANIC ROCK,,,,,WHOLE_ROCK [5025] ,237924.415,7371.882,,91031.172,,,,73454.84999999999,65752.4,33287.808,1316.5786,,10044.815,24555.4667,1483.8314,,,,,,,,,,,,,,,,,,,,,,,,,,,,,,,,,,,,,,,,,,,,,,,154,,,,47,,,,,,,,23,585,34.8,135,7.8,,,,,,,,,,,,,597,20.6,39,,27.4,5.96,1.92,6.45,,5.97,,3.4,,3.1,,,,,,,,,,,,,,,,0.51289,,,0.70404,,19.068,,15.683,,38.6,,,,,,,,,,,,,,,115163,
[5025],CONVERGENT MARGIN,CENTRAL AMERICAN VOLCANIC ARC / CENTRAL AMERICAN VOLCANIC ARC-NORTHWESTERN SEGMENT / GUATEMALA / PACIFIC OCEAN,NORTH OF JOCOTAN FAULT,14.69,14.69,-89.63,-89.63,SUBAERIAL,,,s M2 [5025],NOT GIVEN [5025],,,,PALEOZOIC [5025],,,,,PLUTONIC ROCK,,,,,WHOLE_ROCK [5025] ,278824.97750000004,5753.664,,83304.10740000001,,,,53167.32,43167.88,20081.232,1084.2412000000002,,13282.400000000001,21736.4101,829.1999000000001,,,,,,,,,,,,,,,,,,,,,,,,,,,,,,,,,,,,,,,,,,,,,,,52,,,,21,,,,,,,,,237,38.8,268,,,,,,,,,,,,,,512,19.3,49.1,,24.2,6.14,1.31,6.23,,6.1,,4.04,,3.27,,,,,,,,,,,,,,,,0.512632,,,0.706598,,18.81,,15.638,,38.605,,,,,,,,,,,,,,,115167,
[4946],CONVERGENT MARGIN,CENTRAL AMERICAN VOLCANIC ARC / CENTRAL AMERICAN VOLCANIC ARC-SOUTHEASTERN SEGMENT / COSTA RICA / TIRIBI FORMATION / PACIFIC OCEAN,VALLE CENTRAL,9.9,10.1,-84,-85,SUBAERIAL,,,s 6-3:122197 [4946],NOT GIVEN [4946],,,,,,,,,VOLCANIC ROCK,,,,,WHOLE_ROCK [4946] ,251480.03,5274.192,,103733.19600000001,,,,50058.12,51815.75,12603.535999999998,851.9038,,18927.42,22404.0814,2269.3892,,,,,,,,,,,,,,,,,,,,,,,,,,,,,,,,,,,,,,,,,,,,,,,,,,,,,84,,,,,,55,867,23,204,7,,,,,,,,,,,,,873,,,,,,,,,,,,,,,,,,,,,,,,,,,,,0.512951,,,0.703718,,,,,,,,,,,,,,,,,,,,,115186,
[4946],CONVERGENT MARGIN,CENTRAL AMERICAN VOLCANIC ARC / CENTRAL AMERICAN VOLCANIC ARC-SOUTHEASTERN SEGMENT / COSTA RICA / TIRIBI FORMATION / PACIFIC OCEAN,VALLE CENTRAL,9.9,10.1,-84,-85,SUBAERIAL,,,s 13-2:122997 [4946],NOT GIVEN [4946],,,,,,,,,VOLCANIC ROCK,,,,,WHOLE_ROCK [4946] ,256154.38,5573.862,,104262.447,,,,48969.9,54388.670000000006,14292.048,1006.7954,,19757.57,26410.1092,2269.3892,,,,,,,,,,,,,,,,,,,,,,,,,,,,,,,,,,,,,,,,,,,,,,,,,,,,,76,,,,,,61,918,26,261,25,,,,,,,,,,,,,1010,64.98,113.33,13.07,49.76,8.95,2.2,,1,5.14,0.99,2.83,,2.49,0.4,5.44,1.24,,,,,,,,,6.69,,14.05,3.3,0.512932,,,0.703724,,,,,,,,,,,,,,,,,,,,,115187,
[4946],CONVERGENT MARGIN,CENTRAL AMERICAN VOLCANIC ARC / CENTRAL AMERICAN VOLCANIC ARC-SOUTHEASTERN SEGMENT / COSTA RICA / TIRIBI FORMATION / PACIFIC OCEAN,VALLE CENTRAL,9.9,10.1,-84,-85,SUBAERIAL,,,s 19-3:010498 [4946],NOT GIVEN [4946],,,,,,,,,VOLCANIC ROCK,,,,,WHOLE_ROCK [4946] ,274197.371,6053.334,,97540.9593,,,,47104.38,40523.49,11457.759999999998,1084.2412000000002,,23742.289999999997,27374.523299999997,1963.8945,,,,,,,,,,,,,,,,,,,,,,,,,,,,,,,,,,,,,,,,,,,,,,,,,,,,,74,,,,,,78,685,28,281,30,,,,,,,,,,,,,1155,67.11,124.83,15.75,55.46,9.62,2.21,,1.08,5.45,1.13,3.17,,2.85,0.44,6.54,1.46,,,,,,,,,6.12,,17.2,4.04,,,,,,,,,,,,,,,,,,,,,,,,,115188,
[4946],CONVERGENT MARGIN,CENTRAL AMERICAN VOLCANIC ARC / CENTRAL AMERICAN VOLCANIC ARC-SOUTHEASTERN SEGMENT / COSTA RICA / TIRIBI FORMATION / PACIFIC OCEAN,VALLE CENTRAL,9.9,10.1,-84,-85,SUBAERIAL,,,s 1-5:121897 [4946],NOT GIVEN [4946],,,,,,,,,VOLCANIC ROCK,,,,,WHOLE_ROCK [4946] ,287472.525,6293.07,,86267.913,,,,39875.49,27444.48,9950.159999999998,1161.687,,31296.655,32641.708000000002,1832.9682,,,,,,,,,,,,,,,,,,,,,,,,,,,,,,,,,,,,,,,,,,,,,,,,,,,,,84,,,,,,101,595,36,309,38,,,,,,,,,,,,,1465,86.05,158.08,19.67,71.17,12.27,2.65,,1.28,6.9,1.48,3.88,,3.69,0.56,9.1,2.22,,,,,,,,,11.33,,22.13,,0.51295,,,0.70373,,,,,,,,,,,,,,,,,,,,,115189,
[4946],CONVERGENT MARGIN,CENTRAL AMERICAN VOLCANIC ARC / CENTRAL AMERICAN VOLCANIC ARC-SOUTHEASTERN SEGMENT / COSTA RICA / TIRIBI FORMATION / PACIFIC OCEAN,VALLE CENTRAL,9.9,10.1,-84,-85,SUBAERIAL,,,s DEL2UC9 [4946],NOT GIVEN [4946],,,,,,,,,VOLCANIC ROCK,,,,,WHOLE_ROCK [4946] ,290557.596,7252.013999999999,,85897.4373,,,,38554.08,26443.9,9769.248,1161.687,,29968.414999999997,32864.2651,1702.0419000000002,,,,,,,,,,,,,,,,,,,,,,,,,,,,,,,,,,,,,,,,,,,,,,,,,,,,,87,,,,,,94,573,34,292,25,,,,,,,,,,,,,1490,72.6,148,,65.4,11.3,2.54,,1.2,,,,,3.78,0.5,8.2,1.72,,,,,,,,,0,,17.5,,,,,,,,,,,,,,,,,,,,,,,,,,115190,
[4946],CONVERGENT MARGIN,CENTRAL AMERICAN VOLCANIC ARC / CENTRAL AMERICAN VOLCANIC ARC-SOUTHEASTERN SEGMENT / COSTA RICA / TIRIBI FORMATION / PACIFIC OCEAN,VALLE CENTRAL,9.9,10.1,-84,-85,SUBAERIAL,,,s 990710-2 [4946],NOT GIVEN [4946],,,,,,,,,VOLCANIC ROCK,,,,,WHOLE_ROCK [4946] ,291539.2095,6892.409999999999,,85474.0365,,,,42906.96,29945.930000000004,11518.063999999998,1161.687,,29387.31,32864.2651,1920.2524,,,,,,,,,,,,,,,,,,,,,,,,,,,,,,,,,,,,,,,,,,,,,,,,,,,,,86,,,,,,88,602,35,295,37,,,,,,,,,,,,,1462,74.96,136.13,17.15,62.47,11.58,2.59,,1.24,6.58,1.23,3.5,,3.4,0.54,7.8,1.97,,,,,,,,,8.23,,20.36,,,,,,,,,,,,,,,,,,,,,,,,,,115191,
[4946],CONVERGENT MARGIN,CENTRAL AMERICAN VOLCANIC ARC / CENTRAL AMERICAN VOLCANIC ARC-SOUTHEASTERN SEGMENT / COSTA RICA / TIRIBI FORMATION / PACIFIC OCEAN,VALLE CENTRAL,9.9,10.1,-84,-85,SUBAERIAL,,,s 990713-4C [4946],NOT GIVEN [4946],,,,,,,,,VOLCANIC ROCK,,,,,WHOLE_ROCK [4946] ,292707.797,6472.872,,82933.6317,,,,45161.13,31303.86,11337.151999999998,1161.687,,28142.085000000003,28190.566,2051.1787,,,,,,,,,,,,,,,,,,,,,,,,,,,,,,,,,,,,,,,,,,,,,,,,,,,,,94,,,,,,90,637,34,296,36,,,,,,,,,,,,,1455,71.41,139.33,17.75,64.65,11.92,2.7,,1.21,6.44,1.24,3.4,,3.44,0.51,7.35,1.87,,,,,,,,,8.54,,18.75,,,,,,,,,,,,,,,,,,,,,,,,,,115192,
[4946],CONVERGENT MARGIN,CENTRAL AMERICAN VOLCANIC ARC / CENTRAL AMERICAN VOLCANIC ARC-SOUTHEASTERN SEGMENT / COSTA RICA / TIRIBI FORMATION / PACIFIC OCEAN,VALLE CENTRAL,9.9,10.1,-84,-85,SUBAERIAL,,,s 5-1:122097 [4946],NOT GIVEN [4946],,,,,,,,,VOLCANIC ROCK,,,,,WHOLE_ROCK [4946] ,270177.43,5993.4,,94735.92899999999,,,,46016.159999999996,41095.25,12060.8,1084.2412000000002,,25153.545,29525.9086,2313.0313,,,,,,,,,,,,,,,,,,,,,,,,,,,,,,,,,,,,,,,,,,,,,,,,,,,,,79,,,,,,78,761,30,319,19,,,,,,,,,,,,,1178,74.45,131.03,17.05,62.73,10.99,2.48,,1.25,6.38,1.35,3.73,,3.18,0.5,,,,,,,,,,,,,,,,,,,,,,,,,,,,,,,,,,,,,,,115193,
[4946],CONVERGENT MARGIN,CENTRAL AMERICAN VOLCANIC ARC / CENTRAL AMERICAN VOLCANIC ARC-SOUTHEASTERN SEGMENT / COSTA RICA / TIRIBI FORMATION / PACIFIC OCEAN,VALLE CENTRAL,9.9,10.1,-84,-85,SUBAERIAL,,,s 990713-2F [4946],NOT GIVEN [4946],,,,,,,,,VOLCANIC ROCK,,,,,WHOLE_ROCK [4946] ,289248.77800000005,6952.343999999999,,84627.23490000001,,,,37077.21,24657.15,9166.207999999999,1161.687,,32375.85,30045.208499999997,1483.8314,,,,,,,,,,,,,,,,,,,,,,,,,,,,,,,,,,,,,,,,,,,,,,,,,,,,,85,,,,,,97,541,37,321,42,,,,,,,,,,,,,1552,73.41,143.31,17.24,61.3,11.3,2.45,,1.11,6.04,1.18,3.15,,3.23,0.5,7.58,2.17,,,,,,,,,9.51,,20.4,,,,,,,,,,,,,,,,,,,,,,,,,,115194,
[4946],CONVERGENT MARGIN,CENTRAL AMERICAN VOLCANIC ARC / CENTRAL AMERICAN VOLCANIC ARC-SOUTHEASTERN SEGMENT / COSTA RICA / TIRIBI FORMATION / PACIFIC OCEAN,VALLE CENTRAL,9.9,10.1,-84,-85,SUBAERIAL,,,s 2-1:121997 [4946],NOT GIVEN [4946],,,,,,,,,VOLCANIC ROCK,,,,,WHOLE_ROCK [4946] ,294998.2285,6293.07,,89919.74489999999,,,,32102.489999999998,20440.42,7115.871999999999,1084.2412000000002,,34036.149999999994,27374.523299999997,654.6315,,,,,,,,,,,,,,,,,,,,,,,,,,,,,,,,,,,,,,,,,,,,,,,,,,,,,84,,,,,,112,507,42,409,51,,,,,,,,,,,,,1665,84.58,174.84,17.73,58.49,10.05,2.47,,1.18,6.32,1.4,3.82,,3.57,0.55,8.65,2.34,,,,,,,,,14.98,,22.88,6.7,,,,,,,,,,,,,,,,,,,,,,,,,115195,
[4946],CONVERGENT MARGIN,CENTRAL AMERICAN VOLCANIC ARC / CENTRAL AMERICAN VOLCANIC ARC-SOUTHEASTERN SEGMENT / COSTA RICA / TIRIBI FORMATION / PACIFIC OCEAN,VALLE CENTRAL,9.9,10.1,-84,-85,SUBAERIAL,,,s 1-8:121897 [4946],NOT GIVEN [4946],,,,,,,,,VOLCANIC ROCK,,,,,WHOLE_ROCK [4946] ,301028.1400000001,4435.116,,82563.156,,,,24096.3,12221.369999999999,3859.4559999999997,929.3496,,44330.01,33531.9364,567.3473,,,,,,,,,,,,,,,,,,,,,,,,,,,,,,,,,,,,,,,,,,,,,,,,,,,,,70,,,,,,140,280,42,413,55,,,,,,,,,,,,,1819,78.19,189.13,18.73,59.89,10.17,2.18,,1.03,5.89,1.29,3.33,,3.41,0.56,8.95,2.78,,,,,,,,,24.87,,22.43,,0.512946,,,0.703733,,,,,,,,,,,,,,,,,,,,,115196,
[4946],CONVERGENT MARGIN,CENTRAL AMERICAN VOLCANIC ARC / CENTRAL AMERICAN VOLCANIC ARC-SOUTHEASTERN SEGMENT / COSTA RICA / TIRIBI FORMATION / PACIFIC OCEAN,VALLE CENTRAL,9.9,10.1,-84,-85,SUBAERIAL,,,s 1-3:121897 [4946],NOT GIVEN [4946],,,,,,,,,VOLCANIC ROCK,,,,,WHOLE_ROCK [4946] ,308039.66500000004,4495.049999999999,,82563.156,,,,22463.97,12578.72,3919.7599999999998,851.9038,,43582.875,31157.994,567.3473,,,,,,,,,,,,,,,,,,,,,,,,,,,,,,,,,,,,,,,,,,,,,,,,,,,,,66,,,,,,137,294,41,406,49,,,,,,,,,,,,,1818,78.43,191.54,19.17,62.1,10.68,2.34,,1.01,6,1.28,3.35,,3.38,0.52,8.12,2.54,,,,,,,,,18.76,,20.21,,,,,0.703745,,,,,,,,,,,,,,,,,,,,,115197,
[4946],CONVERGENT MARGIN,CENTRAL AMERICAN VOLCANIC ARC / CENTRAL AMERICAN VOLCANIC ARC-SOUTHEASTERN SEGMENT / COSTA RICA / TIRIBI FORMATION / PACIFIC OCEAN,VALLE CENTRAL,9.9,10.1,-84,-85,SUBAERIAL,,,s 1-7:121897 [4946],NOT GIVEN [4946],,,,,,,,,VOLCANIC ROCK,,,,,WHOLE_ROCK [4946] ,309441.97000000003,4435.116,,82033.905,,,,21608.94,12221.369999999999,3678.544,851.9038,,44163.98,32864.2651,567.3473,,,,,,,,,,,,,,,,,,,,,,,,,,,,,,,,,,,,,,,,,,,,,,,,,,,,,67,,,,,,135,273,42,412,55,,,,,,,,,,,,,1766,76.99,186.29,18.34,60.18,11.07,2.22,,1.08,5.5,1.25,3.07,,3.32,0.51,9.29,2.89,,,,,,,,,25.58,,22.38,,,,,,,,,,,,,,,,,,,,,,,,,,115198,
[4946],CONVERGENT MARGIN,CENTRAL AMERICAN VOLCANIC ARC / CENTRAL AMERICAN VOLCANIC ARC-SOUTHEASTERN SEGMENT / COSTA RICA / TIRIBI FORMATION / PACIFIC OCEAN,VALLE CENTRAL,9.9,10.1,-84,-85,SUBAERIAL,,,s DEL4C6 [4946],NOT GIVEN [4946],,,,,,,,,VOLCANIC ROCK,,,,,WHOLE_ROCK [4946] ,318229.748,4195.379999999999,,81610.5042,,,,21375.75,12149.9,3437.3279999999995,774.4580000000001,,43001.77,25594.0665,480.0631,,,,,,,,,,,,,,,,,,,,,,,,,,,,,,,,,,,,,,,,,,,,,,,,,,,,,49,,,,,,127,266,45,370,35,,,,,,,,,,,,,1710,82,165,,68.1,12.1,2.14,,1.22,,,,,4.27,0.69,10.7,2.04,,,,,,,,,,,25.1,,,,,,,,,,,,,,,,,,,,,,,,,,115199,
[3478][3918][13434][4102][4190],CONVERGENT MARGIN,CENTRAL AMERICAN VOLCANIC ARC / CENTRAL AMERICAN VOLCANIC ARC-NORTHWESTERN SEGMENT / GUATEMALA / PACAYA / STRATOVOLCANO / PACIFIC OCEAN,,14.38,14.38,-90.6,-90.6,SUBAERIAL,,,s E1 [3478],NOT GIVEN [3478] / BASALT [3918],,,,QUATERNARY [13434],,,1961,PORPHYRITIC [13434] ,VOLCANIC ROCK,,,,,WHOLE_ROCK [3478] ,240261.59000000003,6892.409999999999,,105056.32350000001,,,,69179.7,70683.83,21106.399999999998,1239.1328,,6973.259999999999,26484.294899999997,1178.3367,3400.0000000000005,2300.,1000.,,,,,,,,,,,,,,,,,,,,,,,,,,,,0.5,8,,,,,,,,,,,,24.55,,266.5,22.69,,,,16.09,83.38,101,,,0.73,,,13.53,622.9,22.94,96.8,5.16,0.5,,,,,,,1,0.09,,,0.58,442.3,10.15,24.75,,15.47,3.6,1.23,4.16,,3.91,,2.17,,1.77,,,,0.1,,,,,,,0.07,5.51,,1.47,0.58,0.51293,,,0.70389,,,,,,,,,,,,,,,,,,,,,11566-E1,
[10496][5645],CONVERGENT MARGIN,CENTRAL AMERICAN VOLCANIC ARC / CENTRAL AMERICAN VOLCANIC ARC-NORTHWESTERN SEGMENT / GUATEMALA / PACAYA / STRATOVOLCANO / PACIFIC OCEAN,,14.38,14.38,-90.6,-90.6,SUBAERIAL,,,s GPA07 [10496],BASALT [10496],,,,,,,,,VOLCANIC ROCK,,,,,WHOLE_ROCK [10496] ,235867.70100000003,6712.608,,106802.8518,,,,68402.40000000001,72756.45999999999,20443.056,1161.687,,6807.23,25816.6236,1047.4104,,,,,,,,,,,,,,,,,,,,,,,,,,,,,,,,,,,,,,,,,,,,23.5,,,,,,,,,,,,,,,12.9,636,20.9,81.8,3.46,,,,,,,,,,,,,441,10.13,22.87,3.28,15.21,4.19,1.32,3.7,0.61,3.54,0.71,2.04,,2,0.28,2.18,0.28,,,,,,,,,5.52,,1.21,0.53,,,,,,,,,,,,,,,,,,,,,,,,,11566-GPA07,
[3439][4092],CONVERGENT MARGIN,CENTRAL AMERICAN VOLCANIC ARC / CENTRAL AMERICAN VOLCANIC ARC-NORTHWESTERN SEGMENT / GUATEMALA / PACAYA / STRATOVOLCANO / PACIFIC OCEAN,,14.38,14.38,-90.6,-90.6,SUBAERIAL,,,s GUP701 [3439],NOT GIVEN [3439] / BASALT [4092],,,,,,,,,VOLCANIC ROCK,,,FRESH,,WHOLE_ROCK [3439] ,241663.89500000002,,,,,,,,,21227.007999999998,,,6973.259999999999,,,,,,,,,,,,,,,,,,,,,,,,,,,,,,,,8.4,0.5,8.2,,,,,,,,,,,,28.8,,,,,,29,,,,,,,,,,,,,3.8,0.58,,,,,,,,,,,0.66,442,11.1,23.9,,14.7,4.05,1.39,,0.71,,,,,2.11,0.3,2.8,0.22,0.178,,,,,,,,,,1.5,1.4,,,,,,,,,,,,,,,,,,,,,,,,,11566-GU P701,
[10496][13434],CONVERGENT MARGIN,CENTRAL AMERICAN VOLCANIC ARC / CENTRAL AMERICAN VOLCANIC ARC-NORTHWESTERN SEGMENT / GUATEMALA / PACAYA / STRATOVOLCANO / PACIFIC OCEAN,,14.38,14.38,-90.6,-90.6,SUBAERIAL,,,s GUA1 [10496],BASALT [10496] / NOT GIVEN [13434],,,,QUATERNARY [13434],,,2000,PORPHYRITIC [13434] ,VOLCANIC ROCK,,,,,WHOLE_ROCK [10496] ,229978.02000000002,66766.476,,100928.16570000001,,,,69179.7,70826.77,20382.751999999997,1239.1328,,7056.275,26632.666299999997,960.1262,,,,,,,,,,,,,,,,,,,,,,,,,,,,,,6.7,0.6,8,,,,,,,,,,,,,,,,,,,,,,,,,,,,607,22.8,,3.49,,,,,,,,,,,,,419,10.24,23.06,3.35,15.89,4.09,1.33,4.14,0.64,4.1,0.77,2.25,,2.1,0.33,2.43,0.34,,,,,,,,,4.55,,1.51,0.59,,,,,,,,,,,,,,,,,,,,,,,,,11566-GUA1,
[10496][13434],CONVERGENT MARGIN,CENTRAL AMERICAN VOLCANIC ARC / CENTRAL AMERICAN VOLCANIC ARC-NORTHWESTERN SEGMENT / GUATEMALA / PACAYA / STRATOVOLCANO / PACIFIC OCEAN,,14.38,14.38,-90.6,-90.6,SUBAERIAL,,,s GUA3 [10496],BASALT [10496] / NOT GIVEN [13434],,,,QUATERNARY [13434],,,1998,PORPHYRITIC [13434] ,VOLCANIC ROCK,,,,,WHOLE_ROCK [10496] ,220255.372,6532.8060000000005,,99816.7386,,,,67080.99,73614.1,19176.672,1161.687,,6724.215,25742.4379,872.8420000000001,,,,,,,,,,,,,,,,,,,,,,,,,,,,,,8.4,0.6,6.6,,,,,,,,,,,,,,,,,,,,,,,,,,,,610,20.9,,3.29,,,,,,,,,,,,,403,9.66,21.84,3.19,14.86,3.78,1.26,3.79,0.6,3.76,0.71,2.06,,1.88,0.3,2.17,0.32,,,,,,,,,4.23,,1.34,0.54,,,,,,,,,,,,,,,,,,,,,,,,,11566-GUA3,
[2489][4190],CONVERGENT MARGIN,CENTRAL AMERICAN VOLCANIC ARC / CENTRAL AMERICAN VOLCANIC ARC-NORTHWESTERN SEGMENT / GUATEMALA / PACAYA / STRATOVOLCANO / PACIFIC OCEAN,,14.38,14.38,-90.6,-90.6,SUBAERIAL,,,s GUP701 [2489] / s P701 [4190],BASALT [2489],,,,,,,,,VOLCANIC ROCK,,,,,WHOLE_ROCK [2489] ,,,,,,,,,,,,,,,,,,,,,,,,,,,,,,,,,,,,,,,,,,,,,,,8.2,,,,,,,,,,,,,,,,,,,,85,108,,,0.75,,,,,,,,0.6,,,,,,,0.8,0.1,,,,,,,,,,,,,,,,,,,,,0.2,,,,,,,0.07,4.8,,,,,,,,,,,,,,,,,,,,,,,,,,,,11566-GUP701,
[14081][5029],CONVERGENT MARGIN,CENTRAL AMERICAN VOLCANIC ARC / CENTRAL AMERICAN VOLCANIC ARC-NORTHWESTERN SEGMENT / EL SALVADOR / IZALCO / PACIFIC OCEAN,,13.817,13.817,-89.633,-89.633,SUBAERIAL,,,s IZ1 [14081],"NOT GIVEN [14081] / ANDESITE, BASALTIC [5029]",,,,,,,1902,,VOLCANIC ROCK,,,,,WHOLE_ROCK [14081] ,253349.77000000002,4914.588,,97382.184,,10071.359999999999,52856.4,,63250.95,25267.376,1316.5786,,9546.724999999999,26781.037699999997,1003.7683000000001,5699.999999999999,,,,,,,,,,,,,,,,,,,,,,,,,,,,,9.49,,,,,,,,,,,,,,22.82,,184.51,6.2,,,25.19,9.54,113.25,73.69,,,,,,24.7,410.93,18.08,66.17,1.45,0.81,,,,,,,,,,,1.21,457.22,7.59,17.27,2.63,11.09,3.03,0.95,3.21,0.51,3.19,0.67,1.91,0.29,1.88,0.29,1.99,0.12,0.27,,,,,,,0.12,3.84,,2.23,1.01,,,,,,,,,,,,,,,,,,,,,,,,,11569-IZ1,
[14081][5029],CONVERGENT MARGIN,CENTRAL AMERICAN VOLCANIC ARC / CENTRAL AMERICAN VOLCANIC ARC-NORTHWESTERN SEGMENT / EL SALVADOR / IZALCO / PACIFIC OCEAN,,13.817,13.817,-89.633,-89.633,SUBAERIAL,,,s IZ100 [14081],NOT GIVEN [14081] / ANDESITE [5029],,,,,,,1920,,VOLCANIC ROCK,,,,,WHOLE_ROCK [14081] ,263165.905,4794.72,,97382.184,,12309.44,45860.700000000004,,55961.01,20804.88,1316.5786,,12203.205,28487.3088,523.7052,1100.,,,,,,,,,,,,,,,,,,,,,,,,,,,,,12.79,,,,,,,,,,,,,,20.5,,162.79,4.09,,,22.39,6.72,57.99,76.52,,,,,,31.16,442.93,18.98,79.06,1.8,1.1,,,,,,,,,,,0.95,551.43,9.27,20.73,3.03,12.63,3.32,1.04,3.45,0.54,3.29,0.69,1.98,0.31,1.98,0.31,2.3,0.14,0.37,,,,,,,0.12,3.69,,2.82,1.29,,,,,,,,,,,,,,,,,,,,,,,,,11569-IZ100,
[14081][5029],CONVERGENT MARGIN,CENTRAL AMERICAN VOLCANIC ARC / CENTRAL AMERICAN VOLCANIC ARC-NORTHWESTERN SEGMENT / EL SALVADOR / IZALCO / PACIFIC OCEAN,,13.817,13.817,-89.633,-89.633,SUBAERIAL,,,s IZ101 [14081],"NOT GIVEN [14081] / ANDESITE, BASALTIC [5029]",,,,,,,1966,,VOLCANIC ROCK,,,,,WHOLE_ROCK [14081] ,245870.81000000003,4974.521999999999,,102145.44300000001,,14057.939999999999,50679.96,,66467.1,27257.407999999996,1316.5786,,7969.44,26187.552099999997,523.7052,3100.,,,,,,,,,,,,,,,,,,,,,,,,,,,,,8.96,,,,,,,,,,,,,,23.58,,195.69,8.18,,,28.13,11.82,109.47,73.4,,,,,,20.11,481.1,16.38,56.85,1.22,0.62,,,,,,,,,,,1,403.55,6.47,15.22,2.33,10.02,2.77,0.93,2.96,0.47,2.95,0.61,1.74,0.27,1.7,0.26,1.69,0.09,0.21,,,,,,,0.11,3.45,,1.74,0.83,,,,,,,,,,,,,,,,,,,,,,,,,11569-IZ101,
[14081][5029],CONVERGENT MARGIN,CENTRAL AMERICAN VOLCANIC ARC / CENTRAL AMERICAN VOLCANIC ARC-NORTHWESTERN SEGMENT / EL SALVADOR / IZALCO / PACIFIC OCEAN,,13.817,13.817,-89.633,-89.633,SUBAERIAL,,,s IZ102 [14081],NOT GIVEN [14081] / ANDESITE [5029],,,,,,,1844,,VOLCANIC ROCK,,,,,WHOLE_ROCK [14081] ,281395.87000000005,2756.964,,96852.933,,2098.2,44461.56,,44096.99,11457.759999999998,1394.0244,,11705.115,33383.565,1003.7683000000001,700.0000000000001,,,,,,,,,,,,,,,,,,,,,,,,,,,,,14.24,,,,,,,,,,,,,,7.06,,44.93,1.22,,,9.74,1.05,13.67,88.14,,,,,,33.74,481.25,18.58,92.73,2.05,1,,,,,,,,,,,1.62,629.9,11.44,25.52,3.72,14.84,3.59,1.13,3.53,0.54,3.17,0.66,1.95,0.31,2.04,0.33,2.59,0.15,0.32,,,,,,,0.22,5.6,,3.09,1.44,,,,,,,,,,,,,,,,,,,,,,,,,11569-IZ102,
[14081][5029],CONVERGENT MARGIN,CENTRAL AMERICAN VOLCANIC ARC / CENTRAL AMERICAN VOLCANIC ARC-NORTHWESTERN SEGMENT / EL SALVADOR / IZALCO / PACIFIC OCEAN,,13.817,13.817,-89.633,-89.633,SUBAERIAL,,,s IZ103 [14081],"NOT GIVEN [14081] / ANDESITE, BASALTIC [5029]",,,,,,,1954,,VOLCANIC ROCK,,,,,WHOLE_ROCK [14081] ,245870.81000000003,5034.455999999999,,100557.69,,25667.98,42596.04,,65466.520000000004,27739.839999999997,1394.0244,,8384.515,26039.180699999997,523.7052,200.,,,,,,,,,,,,,,,,,,,,,,,,,,,,,8.9,,,,,,,,,,,,,,23.97,,191.16,9.61,,,28.49,13.64,101.38,75.46,,,,,,20.42,452.74,16.45,55.83,1.23,0.63,,,,,,,,,,,1.02,407.86,6.75,15.63,2.39,10.21,2.81,0.92,2.99,0.47,2.93,0.61,1.74,0.27,1.7,0.26,1.68,0.09,0.22,,,,,,,0.07,3.51,,1.8,0.87,,,,,,,,,,,,,,,,,,,,,,,,,11569-IZ103,
[14081][5029],CONVERGENT MARGIN,CENTRAL AMERICAN VOLCANIC ARC / CENTRAL AMERICAN VOLCANIC ARC-NORTHWESTERN SEGMENT / EL SALVADOR / IZALCO / PACIFIC OCEAN,,13.817,13.817,-89.633,-89.633,SUBAERIAL,,,s IZ104 [14081],"NOT GIVEN [14081] / ANDESITE, BASALTIC [5029]",,,,,,,1927,,VOLCANIC ROCK,,,,,WHOLE_ROCK [14081] ,251480.03,5034.455999999999,,102674.694,,15246.920000000002,47959.409999999996,,68611.2,25207.071999999996,1239.1328,,7886.424999999999,25964.995,567.3473,900.,,,,,,,,,,,,,,,,,,,,,,,,,,,,,8.47,,,,,,,,,,,,,,23.94,,197.84,8.07,,,26.66,10.33,103.37,71.01,,,,,,20.31,447.84,16.23,56.21,1.22,0.64,,,,,,,,,,,1.02,399.71,6.59,15.23,2.31,9.89,2.75,0.89,2.91,0.46,2.88,0.59,1.72,0.26,1.65,0.25,1.66,0.09,0.21,,,,,,,0.09,3.38,,1.78,0.85,,,,,,,,,,,,,,,,,,,,,,,,,11569-IZ104,
[14081][5029],CONVERGENT MARGIN,CENTRAL AMERICAN VOLCANIC ARC / CENTRAL AMERICAN VOLCANIC ARC-NORTHWESTERN SEGMENT / EL SALVADOR / IZALCO / PACIFIC OCEAN,,13.817,13.817,-89.633,-89.633,SUBAERIAL,,,s IZ105 [14081],"NOT GIVEN [14081] / ANDESITE, BASALTIC [5029]",,,,,,,1946,,VOLCANIC ROCK,,,,,WHOLE_ROCK [14081] ,252882.33500000002,4734.786,,101086.941,,12589.2,48892.17,,62393.310000000005,23337.648,1161.687,,9546.724999999999,26855.2234,741.9157,1000.,,,,,,,,,,,,,,,,,,,,,,,,,,,,,10.51,,,,,,,,,,,,,,21.19,,179.38,6.45,,,24.64,8.28,98.71,73.48,,,,,,25.41,452.15,17.14,67.24,1.58,0.81,,,,,,,,,,,1.24,463.11,7.69,17.47,2.64,11.03,2.97,0.95,3.14,0.49,3.04,0.63,1.81,0.28,1.79,0.28,1.98,0.12,0.28,,,,,,,0.09,3.75,,2.21,1.02,,,,,,,,,,,,,,,,,,,,,,,,,11569-IZ105,
[14081][5029],CONVERGENT MARGIN,CENTRAL AMERICAN VOLCANIC ARC / CENTRAL AMERICAN VOLCANIC ARC-NORTHWESTERN SEGMENT / EL SALVADOR / IZALCO / PACIFIC OCEAN,,13.817,13.817,-89.633,-89.633,SUBAERIAL,,,s IZ106 [14081],"NOT GIVEN [14081] / ANDESITE, BASALTIC [5029]",,,,,,,1966,,VOLCANIC ROCK,,,,,WHOLE_ROCK [14081] ,251012.59500000003,4854.654,,102674.694,,12449.32,51146.340000000004,,68682.67,27679.535999999996,1161.687,,8052.455,26484.294899999997,1003.7683000000001,1000.,,,,,,,,,,,,,,,,,,,,,,,,,,,,,8.24,,,,,,,,,,,,,,23.22,,189.09,9.16,,,27.8,13.07,102.9,69.16,,,,,,18.96,468.34,15.54,53.68,1.16,0.59,,,,,,,,,,,0.96,383.35,6.22,14.42,2.22,9.54,2.64,0.89,2.83,0.45,2.82,0.58,1.66,0.26,1.64,0.25,1.62,0.09,0.2,,,,,,,0.09,3.25,,1.67,0.8,,,,,,,,,,,,,,,,,,,,,,,,,11569-IZ106,
[14081][5029],CONVERGENT MARGIN,CENTRAL AMERICAN VOLCANIC ARC / CENTRAL AMERICAN VOLCANIC ARC-NORTHWESTERN SEGMENT / EL SALVADOR / IZALCO / PACIFIC OCEAN,,13.817,13.817,-89.633,-89.633,SUBAERIAL,,,s IZ107 [14081],NOT GIVEN [14081] / ANDESITE [5029],,,,,,,1844,,VOLCANIC ROCK,,,,,WHOLE_ROCK [14081] ,285135.35000000003,2876.832,,98440.68600000002,,27906.06,15934.649999999998,,45383.45,10613.503999999999,1239.1328,,11788.13,33309.3793,1352.9051,1200.,,,,,,,,,,,,,,,,,,,,,,,,,,,,,7.92,,,,,,,,,,,,,,5.29,,36.44,0.31,,,7.04,0.48,11,53.41,,,,,,20.29,338.08,12.15,59.96,1.3,0.64,,,,,,,,,,,0.76,401.68,7.1,16.12,2.38,9.62,2.34,0.76,2.3,0.35,2.1,0.44,1.28,0.2,1.33,0.21,1.69,0.09,0.21,,,,,,,0.09,3.45,,1.96,0.92,,,,,,,,,,,,,,,,,,,,,,,,,11569-IZ107,
[14081][5029],CONVERGENT MARGIN,CENTRAL AMERICAN VOLCANIC ARC / CENTRAL AMERICAN VOLCANIC ARC-NORTHWESTERN SEGMENT / EL SALVADOR / IZALCO / PACIFIC OCEAN,,13.817,13.817,-89.633,-89.633,SUBAERIAL,,,s IZ109 [14081],"NOT GIVEN [14081] / ANDESITE, BASALTIC [5029]",,,,,,,1856,,VOLCANIC ROCK,,,,,WHOLE_ROCK [14081] ,252882.33500000002,4614.918,,104791.698,,12519.26,44461.56,,65609.45999999999,18633.935999999998,1316.5786,,8384.515,27522.894699999997,916.4841,1300.,,,,,,,,,,,,,,,,,,,,,,,,,,,,,9.08,,,,,,,,,,,,,,18.17,,153.26,3.75,,,19.6,4.72,86.93,74.45,,,,,,21.47,533.09,16.72,64.37,1.45,0.69,,,,,,,,,,,1.07,454.06,7.96,18.16,2.77,11.62,3.09,1.02,3.18,0.5,3.03,0.62,1.78,0.28,1.78,0.28,1.91,0.1,0.22,,,,,,,0.13,3.9,,2,0.96,,,,,,,,,,,,,,,,,,,,,,,,,11569-IZ109,
[14081][5029],CONVERGENT MARGIN,CENTRAL AMERICAN VOLCANIC ARC / CENTRAL AMERICAN VOLCANIC ARC-NORTHWESTERN SEGMENT / EL SALVADOR / IZALCO / PACIFIC OCEAN,,13.817,13.817,-89.633,-89.633,SUBAERIAL,,,s IZ110 [14081],"NOT GIVEN [14081] / ANDESITE, BASALTIC [5029]",,,,,,,,,VOLCANIC ROCK,,,,,WHOLE_ROCK [14081] ,249610.29,5094.389999999999,,99499.18800000001,,5105.62,61095.780000000006,,65680.93,29910.784,1239.1328,,8633.56,26335.923499999997,1003.7683000000001,800.,,,,,,,,,,,,,,,,,,,,,,,,,,,,,9.3,,,,,,,,,,,,,,26.22,,198.97,11.9,,,30.03,16.89,112.46,71.58,,,,,,22.1,443.17,17.63,60.94,1.35,0.73,,,,,,,,,,,1.16,437.09,7.05,16.14,2.51,10.71,3,0.98,3.19,0.51,3.18,0.66,1.88,0.29,1.86,0.29,1.87,0.1,0.25,,,,,,,0.1,3.57,,2.05,0.94,,,,,,,,,,,,,,,,,,,,,,,,,11569-IZ110,
[14081][5029],CONVERGENT MARGIN,CENTRAL AMERICAN VOLCANIC ARC / CENTRAL AMERICAN VOLCANIC ARC-NORTHWESTERN SEGMENT / EL SALVADOR / IZALCO / PACIFIC OCEAN,,13.817,13.817,-89.633,-89.633,SUBAERIAL,,,s IZ111 [14081],"NOT GIVEN [14081] / ANDESITE, BASALTIC [5029]",,,,,,,1920,,VOLCANIC ROCK,,,,,WHOLE_ROCK [14081] ,254752.075,4854.654,,99499.18800000001,,13358.539999999999,47959.409999999996,,58891.28,23699.471999999998,1161.687,,10210.845,28042.1946,1134.6946,500.,,,,,,,,,,,,,,,,,,,,,,,,,,,,,10.26,,,,,,,,,,,,,,21.01,,179.79,6.35,,,24.83,10.67,98.25,73.72,,,,,,28.58,416.16,17.97,72.61,1.59,0.92,,,,,,,,,,,1.36,493.43,8.15,18.62,2.79,11.66,3.11,0.99,3.3,0.52,3.22,0.67,1.93,0.3,1.91,0.3,2.16,0.13,0.31,,,,,,,0.14,4.41,,2.47,1.14,,,,,,,,,,,,,,,,,,,,,,,,,11569-IZ111,
[14081][5029][3918][3439],CONVERGENT MARGIN,CENTRAL AMERICAN VOLCANIC ARC / CENTRAL AMERICAN VOLCANIC ARC-NORTHWESTERN SEGMENT / EL SALVADOR / IZALCO / PACIFIC OCEAN,,13.817,13.817,-89.633,-89.633,SUBAERIAL,,,s IZ112 [14081] / s SALIZ112 [3439],"NOT GIVEN [14081] / ANDESITE, BASALTIC [5029] / BASALT [3918]",,,,,,,1954,,VOLCANIC ROCK,,,,,WHOLE_ROCK [14081] ,241663.89500000002,4854.654,,101086.941,,12449.32,53866.89,,65180.63999999999,27619.232,1394.0244,,7637.38,25223.138,698.2736,500.,500.,500.,,,,,,,,,,,,,,,,,,,,,,,,,,,7.95,,17.1,,,,,,,,,,,,20.45,,185.09,4.65,,,29.6,12.45,92.75,79.4,,,,,,16.09,466.88,15.98,52.85,1.15,0.58,,,,,,,,,,,0.94,397.69,6.78,15.86,2.42,10.36,2.85,0.94,2.98,0.47,2.87,0.6,1.72,0.26,1.68,0.26,1.62,0.09,0.21,,,,,,,0.1,3.68,,1.83,0.91,,,,,,,,,,,,,,,,,,,,,,,,,11569-IZ112,
[14081][5029],CONVERGENT MARGIN,CENTRAL AMERICAN VOLCANIC ARC / CENTRAL AMERICAN VOLCANIC ARC-NORTHWESTERN SEGMENT / EL SALVADOR / IZALCO / PACIFIC OCEAN,,13.817,13.817,-89.633,-89.633,SUBAERIAL,,,s IZ113 [14081],"NOT GIVEN [14081] / ANDESITE, BASALTIC [5029]",,,,,,,,,VOLCANIC ROCK,,,,,WHOLE_ROCK [14081] ,244001.07000000004,5094.389999999999,,102674.694,,15806.439999999999,47570.76,,70469.42,27136.8,1239.1328,,7803.41,24926.3952,698.2736,1100.,,,,,,,,,,,,,,,,,,,,,,,,,,,,,8.23,,,,,,,,,,,,,,22.67,,195.15,8.21,,,26.83,10.12,80.09,72.77,,,,,,18.98,455.77,15.74,52.4,1.15,0.6,,,,,,,,,,,0.96,384.1,6.34,14.75,2.29,9.81,2.7,0.89,2.87,0.45,2.85,0.59,1.7,0.26,1.65,0.25,1.6,0.09,0.2,,,,,,,0.07,3.42,,1.73,0.82,,,,,,,,,,,,,,,,,,,,,,,,,11569-IZ113,
[14081][5029],CONVERGENT MARGIN,CENTRAL AMERICAN VOLCANIC ARC / CENTRAL AMERICAN VOLCANIC ARC-NORTHWESTERN SEGMENT / EL SALVADOR / IZALCO / PACIFIC OCEAN,,13.817,13.817,-89.633,-89.633,SUBAERIAL,,,s IZ114 [14081],"NOT GIVEN [14081] / ANDESITE, BASALTIC [5029]",,,,,,,,,VOLCANIC ROCK,,,,,WHOLE_ROCK [14081] ,236522.11000000002,6652.674,,108496.455,,11330.28,56043.33,,71041.18,22131.568,1316.5786,,7222.305,26632.666299999997,1309.263,100.,,,,,,,,,,,,,,,,,,,,,,,,,,,,,8.54,,,,,,,,,,,,,,22.97,,195.05,8.09,,,26.03,9.8,75.57,126.11,,,,,,20.68,471.04,16.66,56.41,1.27,0.69,,,,,,,,,,,0.74,407.69,6.72,15.58,2.35,10.02,2.74,0.88,2.9,0.45,2.89,0.6,1.72,0.26,1.67,0.26,1.67,0.09,0.22,,,,,,,0.08,3.44,,1.83,0.82,,,,,,,,,,,,,,,,,,,,,,,,,11569-IZ114,
[14081][5029],CONVERGENT MARGIN,CENTRAL AMERICAN VOLCANIC ARC / CENTRAL AMERICAN VOLCANIC ARC-NORTHWESTERN SEGMENT / EL SALVADOR / IZALCO / PACIFIC OCEAN,,13.817,13.817,-89.633,-89.633,SUBAERIAL,,,s IZ115 [14081],"NOT GIVEN [14081] / ANDESITE, BASALTIC [5029]",,,,,,,,,VOLCANIC ROCK,,,,,WHOLE_ROCK [14081] ,251012.59500000003,3715.908,,103203.945,,21821.280000000002,37621.32,,64394.47,22071.264,1239.1328,,8799.59,26113.3664,567.3473,1000.,,,,,,,,,,,,,,,,,,,,,,,,,,,,,7.71,,,,,,,,,,,,,,22.79,,196.98,5.76,,,22.91,6.49,73.77,68.11,,,,,,21.73,452.18,16.56,59.62,1.31,0.67,,,,,,,,,,,1.08,422.47,6.95,15.88,2.44,10.47,2.87,0.93,3.06,0.48,3.03,0.62,1.79,0.28,1.78,0.28,1.84,0.11,0.25,,,,,,,0.01,3.38,,2.04,0.94,,,,,,,,,,,,,,,,,,,,,,,,,11569-IZ115,
[14081][5029],CONVERGENT MARGIN,CENTRAL AMERICAN VOLCANIC ARC / CENTRAL AMERICAN VOLCANIC ARC-NORTHWESTERN SEGMENT / EL SALVADOR / IZALCO / PACIFIC OCEAN,,13.817,13.817,-89.633,-89.633,SUBAERIAL,,,s IZ116 [14081],"NOT GIVEN [14081] / ANDESITE, BASALTIC [5029]",,,,,,,1902,,VOLCANIC ROCK,,,,,WHOLE_ROCK [14081] ,251480.03,5154.324,,100557.69,,5175.5599999999995,57831.12,,62393.310000000005,21769.744,1161.687,,9380.695,27745.4518,829.1999000000001,200.,,,,,,,,,,,,,,,,,,,,,,,,,,,,,9.08,,,,,,,,,,,,,,23.91,,192.62,4.93,,,22.81,6.35,107.27,70.54,,,,,,22.21,441.01,16.95,58.83,1.31,0.7,,,,,,,,,,,0.99,424.57,6.89,15.9,2.42,10.27,2.85,0.93,3.05,0.48,3.02,0.63,1.79,0.28,1.78,0.27,1.8,0.1,0.25,,,,,,,0.02,3.17,,2,0.92,,,,,,,,,,,,,,,,,,,,,,,,,11569-IZ116,
[14081][5029],CONVERGENT MARGIN,CENTRAL AMERICAN VOLCANIC ARC / CENTRAL AMERICAN VOLCANIC ARC-NORTHWESTERN SEGMENT / EL SALVADOR / IZALCO / PACIFIC OCEAN,,13.817,13.817,-89.633,-89.633,SUBAERIAL,,,s IZ117 [14081],"NOT GIVEN [14081] / ANDESITE, BASALTIC [5029]",,,,,,,1957,,VOLCANIC ROCK,,,,,WHOLE_ROCK [14081] ,244935.94,5094.389999999999,,101616.192,,10560.94,54100.08,,68539.73,24242.207999999995,1239.1328,,8218.485,25742.4379,829.1999000000001,700.0000000000001,,,,,,,,,,,,,,,,,,,,,,,,,,,,,8.64,,,,,,,,,,,,,,23.18,,199.28,7.75,,,25.63,8.74,110.95,74.92,,,,,,21.14,448.87,16.64,57.14,1.26,0.68,,,,,,,,,,,1.07,411.71,6.74,15.64,2.4,10.26,2.83,0.93,3.01,0.48,3.01,0.62,1.8,0.27,1.75,0.27,1.75,0.1,0.23,,,,,,,0.14,3.55,,1.92,0.9,,,,,,,,,,,,,,,,,,,,,,,,,11569-IZ117,
[14081][5029],CONVERGENT MARGIN,CENTRAL AMERICAN VOLCANIC ARC / CENTRAL AMERICAN VOLCANIC ARC-NORTHWESTERN SEGMENT / EL SALVADOR / IZALCO / PACIFIC OCEAN,,13.817,13.817,-89.633,-89.633,SUBAERIAL,,,s IZ119 [14081],"NOT GIVEN [14081] / ANDESITE, BASALTIC [5029]",,,,,,,1933,,VOLCANIC ROCK,,,,,WHOLE_ROCK [14081] ,248675.42000000004,4854.654,,98969.937,,10980.58,53866.89,,64894.76,28101.664,1161.687,,8716.575,25519.8808,1003.7683000000001,1400.0000000000002,,,,,,,,,,,,,,,,,,,,,,,,,,,,,8.94,,,,,,,,,,,,,,23.29,,191.06,10.41,,,28.11,13.43,95.81,74.31,,,,,,22.88,447.83,16.52,59.38,1.35,0.75,,,,,,,,,,,1.16,438.31,7.26,16.55,2.5,10.65,2.89,0.95,3.08,0.49,3,0.62,1.8,0.27,1.79,0.27,1.8,0.11,0.25,,,,,,,0.12,3.84,,2.12,1.01,,,,,,,,,,,,,,,,,,,,,,,,,11569-IZ119,
[14081][5029],CONVERGENT MARGIN,CENTRAL AMERICAN VOLCANIC ARC / CENTRAL AMERICAN VOLCANIC ARC-NORTHWESTERN SEGMENT / EL SALVADOR / IZALCO / PACIFIC OCEAN,,13.817,13.817,-89.633,-89.633,SUBAERIAL,,,s IZ120 [14081],"NOT GIVEN [14081] / ANDESITE, BASALTIC [5029]",,,,,,,1933,,VOLCANIC ROCK,,,,,WHOLE_ROCK [14081] ,252882.33500000002,4854.654,,100028.439,,12659.140000000001,52312.29,,64894.76,27438.319999999996,1239.1328,,8550.545,25964.995,1091.0525,300.,,,,,,,,,,,,,,,,,,,,,,,,,,,,,9.44,,,,,,,,,,,,,,22.85,,187.9,9.21,,,28.42,54.89,97.87,85.24,,,,,,23.95,459.06,17.17,61.76,1.39,0.83,,,,,,,,,,,1.21,456.36,7.56,17.33,2.61,11.1,3.01,0.98,3.17,0.5,3.11,0.65,1.84,0.28,1.82,0.28,1.9,0.11,0.27,,,,,,,0.13,4.01,,2.22,1.03,,,,,,,,,,,,,,,,,,,,,,,,,11569-IZ120,
[14081][5029],CONVERGENT MARGIN,CENTRAL AMERICAN VOLCANIC ARC / CENTRAL AMERICAN VOLCANIC ARC-NORTHWESTERN SEGMENT / EL SALVADOR / IZALCO / PACIFIC OCEAN,,13.817,13.817,-89.633,-89.633,SUBAERIAL,,,s IZ121 [14081],"NOT GIVEN [14081] / ANDESITE, BASALTIC [5029]",,,,,,,1793,,VOLCANIC ROCK,,,,,WHOLE_ROCK [14081] ,257556.68500000003,4435.116,,105320.949,,18813.86,36222.18,,66895.92,17488.16,1084.2412000000002,,8467.53,28116.3803,1265.6209,2200.,,,,,,,,,,,,,,,,,,,,,,,,,,,,,7.81,,,,,,,,,,,,,,18.44,,147.38,4.73,,,19.56,5.14,92.25,74.52,,,,,,20.85,500.15,16.85,61.6,1.4,0.62,,,,,,,,,,,1.01,429.54,7.89,17.85,2.71,11.41,2.98,0.95,3.09,0.48,2.95,0.61,1.75,0.27,1.72,0.27,1.81,0.1,0.2,,,,,,,0.08,3.64,,1.92,0.88,,,,,,,,,,,,,,,,,,,,,,,,,11569-IZ121,
[14081][5029],CONVERGENT MARGIN,CENTRAL AMERICAN VOLCANIC ARC / CENTRAL AMERICAN VOLCANIC ARC-NORTHWESTERN SEGMENT / EL SALVADOR / IZALCO / PACIFIC OCEAN,,13.817,13.817,-89.633,-89.633,SUBAERIAL,,,s IZ122 [14081],"NOT GIVEN [14081] / ANDESITE, BASALTIC [5029]",,,,,,,1793,,VOLCANIC ROCK,,,,,WHOLE_ROCK [14081] ,254284.64,4674.852,,105320.949,,17135.300000000003,37077.21,,65466.520000000004,18091.199999999997,1316.5786,,8799.59,27671.266099999997,785.5577999999999,900.,,,,,,,,,,,,,,,,,,,,,,,,,,,,,8.68,,,,,,,,,,,,,,17.28,,142.05,3.8,,,18.51,4.45,82.58,74.98,,,,,,21.13,530.1,17.29,65.88,1.48,0.65,,,,,,,,,,,0.6,459.86,8.21,18.81,2.82,11.88,3.1,1.02,3.24,0.5,3.07,0.64,1.84,0.28,1.82,0.28,1.95,0.11,0.22,,,,,,,0.09,3.45,,2.05,0.96,,,,,,,,,,,,,,,,,,,,,,,,,11569-IZ122,
[14081][5029],CONVERGENT MARGIN,CENTRAL AMERICAN VOLCANIC ARC / CENTRAL AMERICAN VOLCANIC ARC-NORTHWESTERN SEGMENT / EL SALVADOR / IZALCO / PACIFIC OCEAN,,13.817,13.817,-89.633,-89.633,SUBAERIAL,,,s IZ2 [14081],"NOT GIVEN [14081] / ANDESITE, BASALTIC [5029]",,,,,,,1957,,VOLCANIC ROCK,,,,,WHOLE_ROCK [14081] ,249610.29,4914.588,,100028.439,,26787.02,35911.26,,66752.98,24000.992,1161.687,,8716.575,26632.666299999997,1003.7683000000001,2400.,,,,,,,,,,,,,,,,,,,,,,,,,,,,,8.98,,,,,,,,,,,,,,23.15,,198.8,5.77,,,23.55,6.12,120.98,71.79,,,,,,22.03,461.69,16.97,59.76,1.32,0.71,,,,,,,,,,,1.11,425.97,7.1,16.08,2.44,10.43,2.86,0.91,3.05,0.48,3.03,0.63,1.81,0.28,1.77,0.27,1.83,0.1,0.24,,,,,,,0.01,3.58,,2.04,0.92,,,,,,,,,,,,,,,,,,,,,,,,,11569-IZ2,
[14081][4102][5029][4092][4190][6969],CONVERGENT MARGIN,CENTRAL AMERICAN VOLCANIC ARC / CENTRAL AMERICAN VOLCANIC ARC-NORTHWESTERN SEGMENT / EL SALVADOR / IZALCO / PACIFIC OCEAN,,13.817,13.817,-89.633,-89.633,SUBAERIAL,,,s IZ108 [14081] / s SALIZ108 [4092],"NOT GIVEN [14081] / ANDESITE, BASALTIC [5029] / BASALT [4092]",,,,,,,1966,,VOLCANIC ROCK,,,,,WHOLE_ROCK [14081] ,245870.81000000003,4854.654,,103733.19600000001,,7903.219999999999,55654.68,55654.68,67825.03,25991.023999999998,1161.687,,7803.41,26261.7378,610.9894,700.0000000000001,,,,,,,,,,,,,,,,,,,,,,,,,,,,,8.84,0.54,18.8,,,,,,,,,,,,23.24,,194.69,8.35,,,27.65,12.6,107.38,70.21,,,0.96,,,19.87,477.15,16.26,55.63,1.19,0.6,,,,,,,0.6,0.15,,,1,404.31,6.49,14.99,2.32,9.98,2.78,0.92,2.96,0.47,2.91,0.6,1.73,0.27,1.7,0.26,1.7,0.09,0.22,,,,,,,0.06,3.41,,1.76,0.84,0.51301,,,0.70365,,18.629,,15.516,,38.269,,,,,,,,,,,,,,,11569-SAL IZ108,
[3439][4190],CONVERGENT MARGIN,CENTRAL AMERICAN VOLCANIC ARC / CENTRAL AMERICAN VOLCANIC ARC-NORTHWESTERN SEGMENT / EL SALVADOR / SAN VICENTE / PACIFIC OCEAN,,13.617,13.617,-88.852,-88.852,SUBAERIAL,,,s SALAP3 [3439] / s AP-3 [4190],NOT GIVEN [3439],,,,,,,,,VOLCANIC ROCK,,,FRESH,,WHOLE_ROCK [3439] ,231847.76000000004,,,,,,,,,36242.704,,,2905.5249999999996,,,,,,,,,,,,,,,,,,,,,,,,,,,,,,,,,,5.7,,,,,,,,,,,,,,,,,,,,115,74,,,0.6,,,,,,,,,,,,,,,0.5,0.03,,,,297,5.3,,,,,,,,,,,,,,,,,,,,,,,0.01,1.7,,,,,,,,,,,,,,,,,,,,,,,,,,,,11571-AP-3,
[3918][4508][3439][3474],CONVERGENT MARGIN,CENTRAL AMERICAN VOLCANIC ARC / CENTRAL AMERICAN VOLCANIC ARC-NORTHWESTERN SEGMENT / EL SALVADOR / USULUTAN / PACIFIC OCEAN,,13.61,13.61,-88.8,-88.8,SUBAERIAL,,,s US2 [3918] / s US-2 [4508] / s SALUS2 [3439],BASALT [3918] / NOT GIVEN [3439],,,,PREHISTORIC [3918],,,,,VOLCANIC ROCK,,,,,WHOLE_ROCK [3918] ,229510.58500000002,6472.872,,97382.184,,23709.66,61406.700000000004,,74400.27,30755.039999999997,1471.4702,,5811.049999999999,21439.6673,1352.9051,2400.,2400.,,,,,,,,,,,,,,,,,,,,,,,,,,,,,,9.8,,,,,,,,,,,,,,299,16,,,,23,,,,,,,,8,598,,,,,,,,,,,,,,,,383,5.5,,,,,,,,,,,,,,,,,,,,,,,,,,,,0.51301,,,0.70387,,,,,,,,,,,,,,,,,,,,,11572-US2,
[3439][4092][4190][6969],CONVERGENT MARGIN,CENTRAL AMERICAN VOLCANIC ARC / CENTRAL AMERICAN VOLCANIC ARC-NORTHWESTERN SEGMENT / EL SALVADOR / SAN MIGUEL / PACIFIC OCEAN,,13.433,13.433,-88.267,-88.267,SUBAERIAL,,,s SALSM7 [3439] / s SM-7 [4190],NOT GIVEN [3439] / BASALT [4092],,,,,,,,,VOLCANIC ROCK,,,,,WHOLE_ROCK [3439] ,242598.765,,,,,,,,,20684.272,,,7305.32,,,,,,,,,,,,,,,,,,,,,,,,,,,,,,,,8.73,0.49,20,,,,,,,,,,,,33.5,,,,,,25.2,,186,82,,,2.41,,,,,,,2.6,0.8,,,,,,,0.8,0.32,,,0.72,526,8.6,20.9,,14.1,3.8,1.18,,0.69,,,,,2.08,0.31,2.2,0.15,0.174,,,,,,,0.035,2.9,,0.9,0.8,0.513113,,,0.70387,,18.587,,15.548,,38.268,,,,,,,,,,,,,,,11573-SAL SM7,
[3918][4508][6583][3439],CONVERGENT MARGIN,CENTRAL AMERICAN VOLCANIC ARC / CENTRAL AMERICAN VOLCANIC ARC-NORTHWESTERN SEGMENT / EL SALVADOR / SAN MIGUEL / PACIFIC OCEAN,,13.433,13.433,-88.267,-88.267,SUBAERIAL,,,s SM8 [3918] / s SM-8 [4508] / s SALSM8 [6583],BASALT [3918] / NOT GIVEN [6583],,,,PREHISTORIC [3918],,,,,VOLCANIC ROCK,,,,,WHOLE_ROCK [3918] ,236054.67500000002,5753.664,,101616.192,,23639.719999999998,51457.26,,78402.59000000001,28825.311999999998,1316.5786,,5312.96,21439.6673,1396.5472,2100.,2100.,,,,,,,,,,,,,,,,,,,,,,,,,,,,,,10.9,,,,,,,,,,,,,,352,35,,,,25,,,,,,,,11,512,,,,,,,,,,,,,,,,410,6.1,,,,,,,,,,,,,,,,,,,,,,,,,,,,,,,,,,,,,,,,,,,,,,,,,,,,11573-SAL SM8,
[4791][3439],CONVERGENT MARGIN,CENTRAL AMERICAN VOLCANIC ARC / CENTRAL AMERICAN VOLCANIC ARC-NORTHWESTERN SEGMENT / EL SALVADOR / CONCHAGUA / PACIFIC OCEAN,,13.283,13.283,-87.85,-87.85,SUBAERIAL,,,s CO-3 [4791] / s SALCO3 [3439],NOT GIVEN [4791],,,,,,,,,VOLCANIC ROCK,,,,,WHOLE_ROCK [4791] ,239326.72000000003,4554.9839999999995,,98440.68600000002,,,,56354.25,73971.45,33348.112,1161.687,,4399.795,18768.982099999997,698.2736,,,,,,,,,,,,,,,,,,,,,,,,,,,,,,,,7.7,,,,,,,,,,,,33.07,,280.7,8.93,,,,16.04,163.7,,,,,,,11.1,571.4,16.33,53.03,2.4,,,,,,,,,,,,,497.5,6.41,14.96,,10.04,2.73,0.85,2.79,,2.76,,1.75,,1.7,,,,,,,,,,,,,,,,0.513021,,,0.70396,,,,,,,,,,,,,,,,,,,,,11574-CO3,
[14081][4092][4102][4791][2492][6969],CONVERGENT MARGIN,CENTRAL AMERICAN VOLCANIC ARC / CENTRAL AMERICAN VOLCANIC ARC-NORTHWESTERN SEGMENT / NICARAGUA / COSIGINA(COSIGUINA) / PACIFIC OCEAN,NEAR GULF OF FONSECA,12.983,12.983,-87.567,-87.567,SUBAERIAL,,,s COS9A [14081] / s NICOS9A [4092],NOT GIVEN [14081] / ANDESITE [4092],,,,,,,,,VOLCANIC ROCK,,,,,WHOLE_ROCK [14081] ,275319.215,4255.313999999999,,97911.435,,,,55421.49,54317.2,13266.880000000001,1239.1328,,10542.905,28784.0516,960.1262,,,,,,,,,,,,,,,,,,,,,,,,,,,,,,11.37,0.46,46,,,,,,,,,,,,20.52,,113.58,10.72,,,13.4,0.95,81.68,74.08,,,,,,22.86,428.49,27.44,90.81,1.58,0.83,,,,,,,,,,,1.24,782.34,7.35,19,3.18,14.31,4.1,1.23,4.42,0.71,4.53,0.95,2.77,0.43,2.71,0.42,2.75,0.1,0.3,,,,,,,0.13,3.91,,1.33,1.108,0.51311,,,0.7039,,18.5,,15.54,,38.2,,,,,,,,,,,,,,,11575-COS9A,
[3918][3439][3474],CONVERGENT MARGIN,CENTRAL AMERICAN VOLCANIC ARC / CENTRAL AMERICAN VOLCANIC ARC-NORTHWESTERN SEGMENT / NICARAGUA / SAN CRISTOBAL / PACIFIC OCEAN,,12.7,12.7,-87,-87,SUBAERIAL,,,s SC2 [3918] / s NISC2 [3439],BASALT [3918] / NOT GIVEN [3439],,,,PREHISTORIC [3918],,,,,VOLCANIC ROCK,,,,,WHOLE_ROCK [3918] ,229510.58500000002,4794.72,,98969.937,,,,80528.28,82905.2,34373.28,1548.9160000000002,,4980.9,18991.5392,654.6315,,2000.,,,,,,,,,,,,,,,,,,,,,,,,,,,,,,7.4,,,,,,,,,,,,,,291,24,,,,26,,,,,,,,15,510,,98,,,,,,,,,,,,,,465,5,,,,,,,,,,,,,,,,,,,,,,,,,,,,0.51308,,,0.70406,,,,,,,,,,,,,,,,,,,,,11576-SC2,
[3439][3474],CONVERGENT MARGIN,CENTRAL AMERICAN VOLCANIC ARC / CENTRAL AMERICAN VOLCANIC ARC-NORTHWESTERN SEGMENT / NICARAGUA / SAN CRISTOBAL / PACIFIC OCEAN,,12.7,12.7,-87,-87,SUBAERIAL,,,s NISC3 [3439] / s SC3 [3474],NOT GIVEN [3439],,,,,,,,,VOLCANIC ROCK,,,FRESH,,WHOLE_ROCK [3439] ,239794.155,,,,,,,,,19659.103999999996,,,6641.200000000001,,,,,,,,,,,,,,,,,,,,,,,,,,,,,,,,,,9.6,,,,,,,,,,,,,,,,,,,,,,,,,,,,,,,,,,,,,,,,,,,,590,6.7,,,,,,,,,,,,,,,,,,,,,,,,,,,,0.51309,,,0.7039,,,,,,,,,,,,,,,,,,,,,11576-SC3,
[4102][3478][4519][4092][4190][2492][6969],CONVERGENT MARGIN,CENTRAL AMERICAN VOLCANIC ARC / CENTRAL AMERICAN VOLCANIC ARC-NORTHWESTERN SEGMENT / NICARAGUA / CERRO NEGRO / PACIFIC OCEAN,,12.5,12.5,-86.7,-86.7,SUBAERIAL,,,s CN-1 [4102] / s NICN1 [4092],NOT GIVEN [4102] / BASALT [4519],,,,,,,,,VOLCANIC ROCK,,,,,WHOLE_ROCK [4102] ,237456.98,4614.918,,103203.945,,,,75398.09999999999,82190.5,28523.792,1394.0244,,3818.69,16320.854000000001,523.7052,2500.,2500.,,,,,,,,,,,,,,,,,,,,,,,,,,,,5.3,0.33,13.3,,,,,,,,,,,,31.69,,332.3,21.18,,,31.9,17.81,162.9,84,,,1.2,,,7.9,480.8,16.63,47.85,2.4,0.43,,,,,,,0.4,0.16,,,0.49,406.6,3.6,9.15,,7.1,1.95,0.77,2.53,0.46,2.95,,1.73,,1.62,0.26,1.1,0.08,0.066,,,,,,,0.04,2.9,,0.372,0.323,0.51311,,,0.70397,,18.549,,15.537,,38.182,,,,,,,,,,,,,,,11579-CN1,
[4519][4688][3439][6969],CONVERGENT MARGIN,CENTRAL AMERICAN VOLCANIC ARC / CENTRAL AMERICAN VOLCANIC ARC-NORTHWESTERN SEGMENT / NICARAGUA / CERRO NEGRO / PACIFIC OCEAN,,12.5,12.5,-86.7,-86.7,SUBAERIAL,,,s CN-10 [4519] / s CN10 [4688] / s NICN10 [3439],BASALT [4519] / NOT GIVEN [3439],,,,,,,1947,,VOLCANIC ROCK,,,,,WHOLE_ROCK [4519] ,230912.89,4375.182,,99499.18800000001,,,,80839.2,85049.3,36182.399999999994,1471.4702,,3071.555,14837.14,480.0631,1800.,,,,,,,,,,,,,,,,,,,,,,,,,,,,,,0.7,11,,,,,,,,,,,,36,,342,40,,,,28,,,,,,,,7.2,455,14.8,47,2.5,,,,,,,,,,,,0.41,340,3.18,7.78,,6,1.69,0.69,2.34,,2.39,,1.44,,1.42,,,,,,,,,,,,2.68,,0.29,0.26,0.51309,,,0.70392,,18.558,,15.525,,38.187,,,,,,,,,,,,,,,11579-CN-10,
[4519],CONVERGENT MARGIN,CENTRAL AMERICAN VOLCANIC ARC / CENTRAL AMERICAN VOLCANIC ARC-NORTHWESTERN SEGMENT / NICARAGUA / CERRO NEGRO / PACIFIC OCEAN,,12.5,12.5,-86.7,-86.7,SUBAERIAL,,,s CN-11 [4519],BASALT [4519],,,,,,,,,VOLCANIC ROCK,,,,,WHOLE_ROCK [4519] ,230445.45500000002,4375.182,,102145.44300000001,,,,76952.7,87908.1,31418.384,1471.4702,,2905.5249999999996,14762.9543,523.7052,,2200.,,,,,,,,,,,,,,,,,,,,,,,,,,,,,,,,,,,,,,,,,,,,325,43,,,,24,,,,,,,,6,485,,,,,,,,,,,,,,,,352,,,,,,,,,,,,,,,,,,,,,,,,,,,,,,,,,,,,,,,,,,,,,,,,,,,,,11579-CN-11,
[4519],CONVERGENT MARGIN,CENTRAL AMERICAN VOLCANIC ARC / CENTRAL AMERICAN VOLCANIC ARC-NORTHWESTERN SEGMENT / NICARAGUA / CERRO NEGRO / PACIFIC OCEAN,,12.5,12.5,-86.7,-86.7,SUBAERIAL,,,s CN-12 [4519],BASALT [4519],,,,,,,1923,,VOLCANIC ROCK,,,,,WHOLE_ROCK [4519] ,228108.28,4435.116,,95265.18000000001,,,,77730,85764,38956.384,1471.4702,,2822.51,15133.8828,480.0631,2200.,,,,,,,,,,,,,,,,,,,,,,,,,,,,,,,,,,,,,,,,,,,,,316,77,,,,30,,,,,,,,6,461,,,,,,,,,,,,,,,,357,,,,,,,,,,,,,,,,,,,,,,,,,,,,,,,,,,,,,,,,,,,,,,,,,,,,,11579-CN-12,
[14081][4519],CONVERGENT MARGIN,CENTRAL AMERICAN VOLCANIC ARC / CENTRAL AMERICAN VOLCANIC ARC-NORTHWESTERN SEGMENT / NICARAGUA / CERRO NEGRO / PACIFIC OCEAN,,12.5,12.5,-86.7,-86.7,SUBAERIAL,,,s CN13 [14081] / s CN-13 [4519],NOT GIVEN [14081] / BASALT [4519],,,,,,,1971,,VOLCANIC ROCK,,,,,WHOLE_ROCK [14081] ,228575.71500000003,4495.049999999999,,100557.69,,,,73843.5,85764,28765.007999999994,1471.4702,,3320.6000000000004,16098.2969,480.0631,3500.,,,,,,,,,,,,,,,,,,,,,,,,,,,,,5.33,,,,,,,,,,,,,,31,,283.69,12.16,,,29.62,12.28,159.44,74.76,,,,,,7,457.13,15.26,33.18,1.2,0.49,,,,,,,,,,,0.35,358.65,2.99,7.66,1.32,6.2,1.96,0.74,2.27,0.38,2.51,0.53,1.53,0.24,1.48,0.22,1,0.07,0.1,,,,,,,0.02,1.56,,0.34,0.29,,,,,,,,,,,,,,,,,,,,,,,,,11579-CN-13,
[4519][3918],CONVERGENT MARGIN,CENTRAL AMERICAN VOLCANIC ARC / CENTRAL AMERICAN VOLCANIC ARC-NORTHWESTERN SEGMENT / NICARAGUA / CERRO NEGRO / PACIFIC OCEAN,,12.5,12.5,-86.7,-86.7,SUBAERIAL,,,s CN-2 [4519],BASALT [4519],,,,,,,1968,,VOLCANIC ROCK,,,,,WHOLE_ROCK [4519] ,234184.93500000003,4554.9839999999995,,105268.0239,,,,76952.7,84334.6,27016.192000000003,1394.0244,,3403.615,16543.411099999998,305.4947,1400.0000000000002,1400.0000000000002,,,,,,,,,,,,,,,,,,,,,,,,,,,,,,,,,,,,,,,,,,,,304,27,,,,138,,,,,,,,10,496,,,,,,,,,,,,,,,,393,,,,,,,,,,,,,,,,,,,,,,,,,,,,,,,,,,,,,,,,,,,,,,,,,,,,,11579-CN-2,
[4519],CONVERGENT MARGIN,CENTRAL AMERICAN VOLCANIC ARC / CENTRAL AMERICAN VOLCANIC ARC-NORTHWESTERN SEGMENT / NICARAGUA / CERRO NEGRO / PACIFIC OCEAN,,12.5,12.5,-86.7,-86.7,SUBAERIAL,,,s CN-3 [4519],BASALT [4519],,,,,,,,,VOLCANIC ROCK,,,,,WHOLE_ROCK [4519] ,230912.89,4195.379999999999,,89443.419,,,,79284.59999999999,80761.1,45710.432,1471.4702,,3486.6299999999997,15059.697099999998,349.1368,,1000.,,,,,,,,,,,,,,,,,,,,,,,,,,,,,,,,,,,,,,,,,,,,281,92,,,,49,,,,,,,,8,412,,,,,,,,,,,,,,,,370,,,,,,,,,,,,,,,,,,,,,,,,,,,,,,,,,,,,,,,,,,,,,,,,,,,,,11579-CN-3,
[4519],CONVERGENT MARGIN,CENTRAL AMERICAN VOLCANIC ARC / CENTRAL AMERICAN VOLCANIC ARC-NORTHWESTERN SEGMENT / NICARAGUA / CERRO NEGRO / PACIFIC OCEAN,,12.5,12.5,-86.7,-86.7,SUBAERIAL,,,s CN-4 [4519],BASALT [4519],,,,,,,1957,,VOLCANIC ROCK,,,,,WHOLE_ROCK [4519] ,227173.41000000003,3895.71,,76212.144,,,,85503,80761.1,60123.088,1548.9160000000002,,2905.5249999999996,13205.0546,261.8526,800.,,,,,,,,,,,,,,,,,,,,,,,,,,,,,,,,,,,,,,,,,,,,,283,108,,,,262,,,,,,,,5,381,,,,,,,,,,,,,,,,318,,,,,,,,,,,,,,,,,,,,,,,,,,,,,,,,,,,,,,,,,,,,,,,,,,,,,11579-CN-4,
[14081][4519],CONVERGENT MARGIN,CENTRAL AMERICAN VOLCANIC ARC / CENTRAL AMERICAN VOLCANIC ARC-NORTHWESTERN SEGMENT / NICARAGUA / CERRO NEGRO / PACIFIC OCEAN,,12.5,12.5,-86.7,-86.7,SUBAERIAL,,,s CN5 [14081] / s CN-5 [4519],NOT GIVEN [14081] / BASALT [4519],,,,,,,,,VOLCANIC ROCK,,,,,WHOLE_ROCK [14081] ,228575.71500000003,3895.71,,80975.403,,,,83948.40000000001,82190.5,57831.53599999999,1548.9160000000002,,2905.5249999999996,13724.3545,480.0631,,1000.,,,,,,,,,,,,,,,,,,,,,,,,,,,,4.89,,,,,,,,,,,,,,40.88,,273.6,75.85,,,40.9,38.16,135.07,79.05,,,,,,6.79,386.92,14.77,33.15,1.16,0.42,,,,,,,,,,,0.32,335.01,2.81,7.21,1.25,5.95,1.88,0.69,2.21,0.36,2.42,0.51,1.48,0.22,1.43,0.22,0.98,0.07,0.09,,,,,,,0.03,1.46,,0.32,0.26,,,,,,,,,,,,,,,,,,,,,,,,,11579-CN-5,
[4519],CONVERGENT MARGIN,CENTRAL AMERICAN VOLCANIC ARC / CENTRAL AMERICAN VOLCANIC ARC-NORTHWESTERN SEGMENT / NICARAGUA / CERRO NEGRO / PACIFIC OCEAN,,12.5,12.5,-86.7,-86.7,SUBAERIAL,,,s CN-6 [4519],BASALT [4519],,,,,,,,,VOLCANIC ROCK,,,,,WHOLE_ROCK [4519] ,235587.24000000002,5034.455999999999,,106591.1514,,,,74620.8,82047.56,22252.176,1394.0244,,3901.705,17656.1966,610.9894,,3200.,,,,,,,,,,,,,,,,,,,,,,,,,,,,,,,,,,,,,,,,,,,,319,13,,,,22,,,,,,,,6,517,,,,,,,,,,,,,,,,448,,,,,,,,,,,,,,,,,,,,,,,,,,,,,,,,,,,,,,,,,,,,,,,,,,,,,11579-CN-6,
[14081][4519],CONVERGENT MARGIN,CENTRAL AMERICAN VOLCANIC ARC / CENTRAL AMERICAN VOLCANIC ARC-NORTHWESTERN SEGMENT / NICARAGUA / CERRO NEGRO / PACIFIC OCEAN,,12.5,12.5,-86.7,-86.7,SUBAERIAL,,,s CN7 [14081] / s CN-7 [4519],NOT GIVEN [14081] / BASALT [4519],,,,,,,1957,,VOLCANIC ROCK,,,,,WHOLE_ROCK [14081] ,232315.19500000004,4495.049999999999,,107967.204,,,,72288.90000000001,84334.6,23458.255999999998,1316.5786,,3652.66,16246.6683,610.9894,1900.,,,,,,,,,,,,,,,,,,,,,,,,,,,,,5.35,,,,,,,,,,,,,,29.48,,270.97,6.94,,,26.1,8.67,164.77,74.93,,,,,,7.34,477.87,15.29,34.76,1.23,0.47,,,,,,,,,,,0.36,369.18,3.11,7.89,1.37,6.32,1.99,0.75,2.29,0.37,2.49,0.53,1.52,0.23,1.48,0.22,1.02,0.07,0.1,,,,,,,0.03,1.62,,0.36,0.3,,,,,,,,,,,,,,,,,,,,,,,,,11579-CN-7,
[14081][4519],CONVERGENT MARGIN,CENTRAL AMERICAN VOLCANIC ARC / CENTRAL AMERICAN VOLCANIC ARC-NORTHWESTERN SEGMENT / NICARAGUA / CERRO NEGRO / PACIFIC OCEAN,,12.5,12.5,-86.7,-86.7,SUBAERIAL,,,s CN8 [14081] / s CN-8 [4519],NOT GIVEN [14081] / BASALT [4519],,,,,,,,,VOLCANIC ROCK,,,,,WHOLE_ROCK [14081] ,234652.37000000002,4674.852,,99499.18800000001,,,,78507.3,81475.8,29850.48,1394.0244,,3818.69,16765.9682,698.2736,,1100.,,,,,,,,,,,,,,,,,,,,,,,,,,,,5.43,,,,,,,,,,,,,,32.77,,276.89,24.42,,,32.14,18.31,173.48,76.52,,,,,,7.37,446.17,15.81,35.21,1.25,0.46,,,,,,,,,,,0.37,369.91,3.13,7.92,1.36,6.4,2.01,0.75,2.33,0.38,2.56,0.54,1.56,0.24,1.5,0.23,1.04,0.08,0.1,,,,,,,0.03,1.65,,0.36,0.3,,,,,,,,,,,,,,,,,,,,,,,,,11579-CN-8,
[4102][4092][4190][2492][6969],CONVERGENT MARGIN,CENTRAL AMERICAN VOLCANIC ARC / CENTRAL AMERICAN VOLCANIC ARC-NORTHWESTERN SEGMENT / NICARAGUA / MOMOTOMBO / PACIFIC OCEAN,,12.417,12.417,-86.533,-86.533,SUBAERIAL,,,s MT101 [4102] / s NIMT101 [4092] / s MT-101 [4190],"NOT GIVEN [4102] / ANDESITE, BASALTIC [4092] / BASALT [4190]",,,,,,,,,VOLCANIC ROCK,,,,,WHOLE_ROCK [4102] ,254284.64,4375.182,,89443.419,,,,70734.3,65752.4,26955.887999999995,1394.0244,,7554.365000000001,21439.6673,654.6315,,,,,,,,,,,,,,,,,,,,,,,,,,,,,,8.23,0.39,25,,,,,,,,,,,,29.69,,304.8,14.69,,,28.6,13.58,127.8,80,,,1.85,,,15.9,480.1,22.64,77.58,3.3,0.61,,,,,,,0.6,0.24,,,0.69,693.3,6.03,14.77,,10.08,3.13,0.94,3.61,0.57,3.86,,2.22,,1.84,0.34,1.8,0.11,0.19,,,,,,,0.085,4.5,,0.741,0.685,0.513027,,,0.70429,,18.6,,15.55,,38.31,,,,,,,,,,,,,,,11580-MT 101,
[4224][4688],CONVERGENT MARGIN,CENTRAL AMERICAN VOLCANIC ARC / CENTRAL AMERICAN VOLCANIC ARC-NORTHWESTERN SEGMENT / NICARAGUA / NEJAPA / PACIFIC OCEAN,,12.109,12.109,-86.32,-86.32,SUBAERIAL,,,s CDP12 [4224],NOT GIVEN [4224] / BASALT [4688],,,,,,,,,VOLCANIC ROCK,,,FRESH,,WHOLE_ROCK [4224] ,225303.67000000004,7072.2119999999995,,90660.6963,,,,86824.41,85764,45228.,1471.4702,,1328.24,17433.6395,567.3473,,4000.,,,,,,,,,,,,,,,,,,,,,,,,,,,,,0.78,,,,,,,,,,,,,38,,323,255,,,,100,,103,,,,,,2.5,310,23.2,67,4,,,,,,,,,,,,0.05,88,3.28,10.02,,8.47,2.66,0.99,3.74,,3.94,,2.03,,1.71,,1.38,,,,,,,,,,4.38,,0.25,0.15,,,,,,,,,,,,,,,,,,,,,,,,,11582-CDP12,
[14081][4224],CONVERGENT MARGIN,CENTRAL AMERICAN VOLCANIC ARC / CENTRAL AMERICAN VOLCANIC ARC-NORTHWESTERN SEGMENT / NICARAGUA / NEJAPA / PACIFIC OCEAN,,12.109,12.109,-86.32,-86.32,SUBAERIAL,,,s NE10 [14081],NOT GIVEN [14081],,,,,,,,,VOLCANIC ROCK,,,FRESH,,WHOLE_ROCK [14081] ,255686.94500000004,9829.176,,82033.905,,,,74620.8,61464.2,33709.935999999994,1239.1328,,4399.795,23516.866899999997,785.5577999999999,,3500.,,,,,,,,,,,,,,,,,,,,,,,,,,,,7.07,,,,,,,,,,,,,,23.48,,171.39,215.54,,,31.96,103.78,112.36,105.07,,,,,,10.24,336.34,23.51,116.71,8.8,0.57,,,,,,,,,,,0.29,351.06,5.46,15.53,2.84,13.72,4.3,1.35,4.48,0.7,4.24,0.82,2.21,0.33,1.99,0.29,3.14,0.63,0.13,,,,,,,0.03,1.51,,0.68,0.54,,,,,,,,,,,,,,,,,,,,,,,,,11582-NE10,
[14081][4224],CONVERGENT MARGIN,CENTRAL AMERICAN VOLCANIC ARC / CENTRAL AMERICAN VOLCANIC ARC-NORTHWESTERN SEGMENT / NICARAGUA / NEJAPA / PACIFIC OCEAN,,12.109,12.109,-86.32,-86.32,SUBAERIAL,,,s NE11 [14081],NOT GIVEN [14081],,,,,,,,,VOLCANIC ROCK,,,FRESH,,WHOLE_ROCK [14081] ,259426.42500000002,9589.44,,80975.403,,,,70734.3,58605.399999999994,30212.303999999996,1239.1328,,5645.02,24110.3525,829.1999000000001,,7400.,,,,,,,,,,,,,,,,,,,,,,,,,,,,6.5,,,,,,,,,,,,,,21.42,,157.25,137.17,,,28.34,85.14,131.94,93.6,,,,,,12.27,348.27,23.01,123.64,7.63,0.68,,,,,,,,,,,0.41,431.41,5.83,16.68,3.03,14.7,4.51,1.42,4.68,0.72,4.31,0.84,2.26,0.34,2.1,0.31,3.39,0.62,0.15,,,,,,,0.08,1.92,,0.85,0.71,,,,,,,,,,,,,,,,,,,,,,,,,11582-NE11,
[14081][4224],CONVERGENT MARGIN,CENTRAL AMERICAN VOLCANIC ARC / CENTRAL AMERICAN VOLCANIC ARC-NORTHWESTERN SEGMENT / NICARAGUA / NEJAPA / PACIFIC OCEAN,,12.109,12.109,-86.32,-86.32,SUBAERIAL,,,s NE12 [14081],NOT GIVEN [14081] / ANDESITE [4224],,,,,,,,,VOLCANIC ROCK,,,FRESH,,WHOLE_ROCK [14081] ,261296.165,9949.043999999998,,80975.403,,,,70734.3,58605.399999999994,29307.744,1239.1328,,5312.96,23442.6812,872.8420000000001,,4400.,,,,,,,,,,,,,,,,,,,,,,,,,,,,7.08,,,,,,,,,,,,,,21.9,,164.64,135.27,,,28.8,87.17,125.29,95.9,,,,,,11.44,350.63,24.16,124.52,7.75,0.69,,,,,,,,,,,0.24,442.37,5.9,17.03,3.1,15.05,4.61,1.46,4.76,0.74,4.39,0.85,2.3,0.34,2.11,0.32,3.49,0.64,0.15,,,,,,,0.06,1.63,,0.85,0.73,,,,,,,,,,,,,,,,,,,,,,,,,11582-NE12,
[14081][4224],CONVERGENT MARGIN,CENTRAL AMERICAN VOLCANIC ARC / CENTRAL AMERICAN VOLCANIC ARC-NORTHWESTERN SEGMENT / NICARAGUA / NEJAPA / PACIFIC OCEAN,,12.109,12.109,-86.32,-86.32,SUBAERIAL,,,s NE13 [14081],NOT GIVEN [14081] / BASALT [4224],,,,,,,,,VOLCANIC ROCK,,,FRESH,,WHOLE_ROCK [14081] ,226238.54,4794.72,,97964.3601,,,,85269.81000000001,86121.35,36966.352,1471.4702,,3154.57,15356.439899999998,698.2736,,800.,,,,,,,,,,,,,,,,,,,,,,,,,,,,4.81,,,,,,,,,,,,,,38.54,,324.79,9.75,,,40.59,20.6,186.72,80.35,,,,,,5.39,413.85,14.37,32.03,0.71,0.27,,,,,,,,,,,0.08,326.95,3.19,7.84,1.36,6.33,1.97,0.72,2.24,0.36,2.39,0.5,1.43,0.22,1.37,0.21,0.99,0.04,0.06,,,,,,,0.02,1.35,,0.45,0.4,,,,,,,,,,,,,,,,,,,,,,,,,11582-NE13,
[14081][4224],CONVERGENT MARGIN,CENTRAL AMERICAN VOLCANIC ARC / CENTRAL AMERICAN VOLCANIC ARC-NORTHWESTERN SEGMENT / NICARAGUA / NEJAPA / PACIFIC OCEAN,,12.109,12.109,-86.32,-86.32,SUBAERIAL,,,s NE2 [14081],NOT GIVEN [14081],,,,,,,,,VOLCANIC ROCK,,,FRESH,,WHOLE_ROCK [14081] ,221564.19,4614.918,,96852.933,,,,87057.59999999999,85049.3,37569.392,1548.9160000000002,,2324.42,14466.2115,523.7052,,2500.,,,,,,,,,,,,,,,,,,,,,,,,,,,,4.62,,,,,,,,,,,,,,33.91,,317.3,9.6,,,40.43,20.95,152.75,75.48,,,,,,5.27,411.02,13.67,29.2,0.67,0.24,,,,,,,,,,,0.2,309.38,2.96,7.32,1.27,5.88,1.83,0.68,2.07,0.34,2.23,0.46,1.32,0.2,1.27,0.2,0.89,0.04,0.07,,,,,,,0,1.15,,0.41,0.36,,,,,,,,,,,,,,,,,,,,,,,,,11582-NE2,
[4224][4048],CONVERGENT MARGIN,CENTRAL AMERICAN VOLCANIC ARC / CENTRAL AMERICAN VOLCANIC ARC-NORTHWESTERN SEGMENT / NICARAGUA / NEJAPA / PACIFIC OCEAN,,12.109,12.109,-86.32,-86.32,SUBAERIAL,,,s NE201 [4224],NOT GIVEN [4224],,,,,,,,,VOLCANIC ROCK,,,FRESH,,WHOLE_ROCK [4224] ,223901.36500000002,5573.862,,80975.403,,,,87990.36,78617,60002.47999999999,1471.4702,,1577.285,17062.711,436.42100000000005,,2000.,,,,,,,,,,,,,,,,,,,,,,,,,,,,,,,,,,,,,,,,,,,,256,303,,,,140,,,,,,,,10,360,,,,,,,,,,,,,,,,115,,,,,,,,,,,,,,,,,,,,,,,,,,,,,0.513019,,,0.70375,,,,,,,,,,,,,,,,,,,,,11582-NE201,
[4224][4092][4688][3439][4190][2492][6969],CONVERGENT MARGIN,CENTRAL AMERICAN VOLCANIC ARC / CENTRAL AMERICAN VOLCANIC ARC-NORTHWESTERN SEGMENT / NICARAGUA / NEJAPA / PACIFIC OCEAN,,12.109,12.109,-86.32,-86.32,SUBAERIAL,,,s NE202 [4224] / s NINE202 [4092] / s NE-202 [4190],NOT GIVEN [4224] / BASALT [4092],,,,PREHISTORIC [2492],,,,,VOLCANIC ROCK,,,FRESH,,WHOLE_ROCK [4224] ,222031.62500000003,7192.079999999999,,81504.65400000001,,,,87679.43999999999,76472.9,57349.10399999999,1471.4702,,1992.36,18620.610699999997,480.0631,,4000.,,,,,,,,,,,,,,,,,,,,,,,,,,,,3.93,0.39,2.9,,,,,,,,,,,,34.6,,251,334,,,50.4,145,143,86,,,0.48,,,3.1,309,20.2,71,6.1,0.8,,,,,,,0.5,0.03,,,0.08,144,3.31,9.75,,7.81,2.27,0.93,3.22,0.54,3.19,,2.07,,1.76,0.26,1.7,0.19,0.26,,,,,,,0.01,1.23,,0.28,0.13,0.51308,,,0.70376,,18.638,,15.529,,38.192,,,,,,,,,,,,,,,11582-NE202,
[4224][4092][4688][3439][4190][2492][6969],CONVERGENT MARGIN,CENTRAL AMERICAN VOLCANIC ARC / CENTRAL AMERICAN VOLCANIC ARC-NORTHWESTERN SEGMENT / NICARAGUA / NEJAPA / PACIFIC OCEAN,,12.109,12.109,-86.32,-86.32,SUBAERIAL,,,s NE203 [4224] / s NINE203 [4092] / s NE-203 [4190],NOT GIVEN [4224] / BASALT [4092],,,,PREHISTORIC [2492],,,,,VOLCANIC ROCK,,,FRESH,,WHOLE_ROCK [4224] ,222031.62500000003,6772.541999999999,,78858.399,,,,89622.68999999999,77187.6,66455.00799999999,1394.0244,,1162.21,16246.6683,392.77889999999996,,1000.,,,,,,,,,,,,,,,,,,,,,,,,,,,,3.72,0.33,3.2,,,,,,,,,,,,35.2,,292,441,,,51.2,199,116,87,,,0.05,,,2.3,282,19,59,7.3,0.17,,,,,,,0.4,0.01,,,0.02,82,2.87,8.41,,6.96,2.02,0.9,3.34,0.51,3.44,,1.83,,1.52,0.28,2.1,0.19,0,,,,,,,0.001,1.34,,0.187,0.109,0.51299,,,0.70362,,18.61,,15.54,,38.24,,,,,,,,,,,,,,,11582-NE203,
[4224][4048],CONVERGENT MARGIN,CENTRAL AMERICAN VOLCANIC ARC / CENTRAL AMERICAN VOLCANIC ARC-NORTHWESTERN SEGMENT / NICARAGUA / NEJAPA / PACIFIC OCEAN,,12.109,12.109,-86.32,-86.32,SUBAERIAL,,,s NE204 [4224],NOT GIVEN [4224],,,,,,,,,VOLCANIC ROCK,,,FRESH,,WHOLE_ROCK [4224] ,233717.50000000003,5214.258,,97382.184,,,,71278.41,86478.7,36966.352,1316.5786,,4482.81,17285.2681,567.3473,,1000.,,,,,,,,,,,,,,,,,,,,,,,,,,,,,,,,,,,,,,,,,,,,281,38,,,,35,,,,,,,,16,437,,,,,,,,,,,,,,,,361,,,,,,,,,,,,,,,,,,,,,,,,,,,,,,,,0.703945,,,,,,,,,,,,,,,,,,,,,11582-NE204,
[4224][4688][6969],CONVERGENT MARGIN,CENTRAL AMERICAN VOLCANIC ARC / CENTRAL AMERICAN VOLCANIC ARC-NORTHWESTERN SEGMENT / NICARAGUA / NEJAPA / PACIFIC OCEAN,,12.109,12.109,-86.32,-86.32,SUBAERIAL,,,s NE3 [4224],NOT GIVEN [4224] / BASALT [4688],,,,,,,,,VOLCANIC ROCK,,,FRESH,,WHOLE_ROCK [4224] ,235119.805,5334.126,,95794.43100000001,,,,84492.51,78617,33408.416,1471.4702,,3320.6000000000004,15727.3684,829.1999000000001,,1700.0000000000002,,,,,,,,,,,,,,,,,,,,,,,,,,,,,0.87,,,,,,,,,,,,,34.3,,326,23,,,,27,,,,,,,,11.3,439,18.2,80,5.4,,,,,,,,,,,,0.36,448,6.17,14.71,,9.29,2.34,0.9,2.98,,3.12,,1.59,,1.6,,1.82,,,,,,,,,,2.21,,0.8,0.65,0.51305,,,0.70393,,18.585,,15.521,,38.207,,,,,,,,,,,,,,,11582-NE3,
[14081][4224],CONVERGENT MARGIN,CENTRAL AMERICAN VOLCANIC ARC / CENTRAL AMERICAN VOLCANIC ARC-NORTHWESTERN SEGMENT / NICARAGUA / NEJAPA / PACIFIC OCEAN,,12.109,12.109,-86.32,-86.32,SUBAERIAL,,,s NE4 [14081],NOT GIVEN [14081],,,,,,,,,VOLCANIC ROCK,,,FRESH,,WHOLE_ROCK [14081] ,224836.23500000002,4195.379999999999,,97911.435,,,,83171.09999999999,87193.4,35699.968,1703.8076,,3652.66,15059.697099999998,480.0631,,4700.,,,,,,,,,,,,,,,,,,,,,,,,,,,,5.19,,,,,,,,,,,,,,37.36,,260.52,6.08,,,39.35,16.06,128.37,73.93,,,,,,7.5,415.11,14.22,35.23,0.84,0.29,,,,,,,,,,,0.26,383.76,3.56,8.71,1.49,6.83,2.09,0.76,2.32,0.38,2.46,0.51,1.46,0.22,1.4,0.22,1.11,0.05,0.3,,,,,,,0.02,1.43,,0.59,0.62,,,,,,,,,,,,,,,,,,,,,,,,,11582-NE4,
[4224][4048][6969],CONVERGENT MARGIN,CENTRAL AMERICAN VOLCANIC ARC / CENTRAL AMERICAN VOLCANIC ARC-NORTHWESTERN SEGMENT / NICARAGUA / NEJAPA / PACIFIC OCEAN,,12.109,12.109,-86.32,-86.32,SUBAERIAL,,,s NE5 [4224],BASALT [4224] / NOT GIVEN [6969],,,,,,,,,VOLCANIC ROCK,,,FRESH,,WHOLE_ROCK [4224] ,224368.80000000002,4854.654,,86267.913,,,,74620.8,88622.8,48363.808,1471.4702,,3403.615,16469.2254,916.4841,,1500.,,,,,,,,,,,,,,,,,,,,,,,,,,,,,,,,,,,,,,,,,,40,,278,142,,,,64,,94,,,,,,9.9,371,18,58,4.9,,,,,,,,,,,,,365,6.6,14.9,,10.2,2.8,0.93,3.22,,3.05,,1.81,,1.63,,,,,,,,,,,,,,,,0.51307,,,0.70407,,18.53,,15.488,,38.171,,,,,,,,,,,,,,,11582-NE5,
[4224][4688][6969],CONVERGENT MARGIN,CENTRAL AMERICAN VOLCANIC ARC / CENTRAL AMERICAN VOLCANIC ARC-NORTHWESTERN SEGMENT / NICARAGUA / NEJAPA / PACIFIC OCEAN,,12.109,12.109,-86.32,-86.32,SUBAERIAL,,,s NE6 [4224],NOT GIVEN [4224] / BASALT [4688],,,,,,,,,VOLCANIC ROCK,,,FRESH,,WHOLE_ROCK [4224] ,220629.32000000004,4195.379999999999,,78329.148,,,,80061.90000000001,95055.1,52343.871999999996,1394.0244,,3320.6000000000004,11721.3406,436.42100000000005,,17200.,,,,,,,,,,,,,,,,,,,,,,,,,,,,,0.79,,,,,,,,,,,,,43.2,,317,275,,,,80,,,,,,,,9.2,386,16.6,54,2.9,,,,,,,,,,,,0.32,338,4.99,12.07,,8.19,2,0.77,3.8,,2.7,,1.64,,1.43,,1.32,,,,,,,,,,2.54,,0.64,0.58,0.51307,,,0.70405,,18.555,,15.507,,38.148,,,,,,,,,,,,,,,11582-NE6,
[14081][4224],CONVERGENT MARGIN,CENTRAL AMERICAN VOLCANIC ARC / CENTRAL AMERICAN VOLCANIC ARC-NORTHWESTERN SEGMENT / NICARAGUA / NEJAPA / PACIFIC OCEAN,,12.109,12.109,-86.32,-86.32,SUBAERIAL,,,s NE8 [14081],NOT GIVEN [14081],,,,,,,,,VOLCANIC ROCK,,,FRESH,,WHOLE_ROCK [14081] ,235119.805,6832.475999999999,,84150.909,,,,96385.2,74328.8,28222.271999999997,1781.2534,,5728.035,20326.8818,1003.7683000000001,,8400.,,,,,,,,,,,,,,,,,,,,,,,,,,,,6.4,,,,,,,,,,,,,,36.19,,366.65,1.38,,,36.56,7.38,89.24,97.85,,,,,,13.21,452.38,21.5,64.68,3.35,0.64,,,,,,,,,,,0.38,427.16,6.45,16.07,2.62,11.5,3.25,1.07,3.49,0.56,3.54,0.73,2.09,0.32,2,0.31,1.78,0.19,0.15,,,,,,,0.09,2.01,,0.79,0.68,,,,,,,,,,,,,,,,,,,,,,,,,11582-NE8,
