Citations,Tectonic Setting,Location,Location Comment,Latitude (Min),Latitude (Max),Longitude (Min),Longitude (Max),Land or Sea,Elevation (Min),Elevation (Max),Sample Name,Rock Name,"Age (a, Min)","Age (a, Max)",Geol,Age,Eruption Day,Eruption Month,Eruption Year,Rock Texture,Rock Type,Drill Depth (Min),Drill Depth (Max),Alteration,Mineral,Material,Si,Ti,B,Al,Cr,Fe3+,Fe2+,Fetot(2+),Ca,Mg,Mn,Ni,K,Na,P,H2O,H2OP,H2OM,H2Otot,CO2,CO,F,Cl,Cl2,OH,CH4,SO2,SO3,SO4,S,LOI,Volatiles,O,Others,HE(CCM/G),HE(CCMSTP/G),HE3(CCMSTP/G),HE3(AT/G),HE4(CCM/G),HE4(CCMSTP/G),HE4(AT/G),HE4(MOLE/G),HE4(NCC/G),HE(NCC/G),Li,Be,B,C,CO2,F,Na,Mg,Al,P,S,Cl,K,Ca,Sc,Ti,V,Cr,Mn,Fe,Co,Ni,Cu,Zn,Ga,Ge,As,Se,Br,Rb,Sr,Y,Zr,Nb,Mo,Ru,Rh,Pd,Ag,Cd,In,Sn,Sb,Te,I,Cs,Ba,La,Ce,Pr,Nd,Sm,Eu,Gd,Tb,Dy,Ho,Er,Tm,Yb,Lu,Hf,Ta,W,Re,Os,Ir,Pt,Au,Hg,Tl,Pb,Bi,Th,U,Nd143/Nd144,Nd143/Nd144 initial,e Nd,Sr87/Sr86,SR87_SR86_INI,PB206_PB204,PB206_PB204_INI,PB207_PB204,PB207_PB204_INI,PB208_PB204,PB208_PB204_INI,OS184_OS188,OS186_OS188,OS187_OS186,OS187_OS188,RE187_OS186,RE187_OS188,HF176_HF177,HE3_HE4,HE3_HE4(R/R(A)),HE4_HE3,HE4_HE3(R/R(A)),K40_AR40,AR40_K40,Unique Id,
[3830],CONVERGENT MARGIN,MEXICAN VOLCANIC BELTS / SIERRA MADRE OCCIDENTAL / DURANGO / PACIFIC OCEAN,WAHL^S EL SALTO AREA,24.25,24.75,-104.5,-105,SUBAERIAL,,,s 4 [3830],NOT GIVEN [3830],,,,,,,,,VOLCANIC ROCK,,,,,WHOLE_ROCK [3830] ,322296.43250000005,1798.0199999999998,,75259.49220000001,,11679.98,2720.5499999999997,,9434.04,3919.7599999999998,619.5664,,43582.875,23961.981099999997,305.4947,,33800.,10200.,,0,,,,,,,,,,,,,,,,,,,,,,,,,,,,,,,,,,,,,,,,,,,,,,,,,,,,,,,,,,,,,,,,,,,,,,,,,,,,,,,,,,,,,,,,,,,,,,,,,,,,,,,,,,,,,,,,,,,,,,,,,,,,100490,
[3830],CONVERGENT MARGIN,MEXICAN VOLCANIC BELTS / SIERRA MADRE OCCIDENTAL / DURANGO / PACIFIC OCEAN,WAHL^S EL SALTO AREA,24.25,24.75,-104.5,-105,SUBAERIAL,,,s 5 [3830],NOT GIVEN [3830],,,,,,,,,VOLCANIC ROCK,,,,,WHOLE_ROCK [3830] ,349407.66250000003,2637.096,,69120.1806,,11889.8,1865.52,,7504.35,904.56,619.5664,,31130.625,26706.852,130.9263,,7500.,5300.,,0,,,,,,,,,,,,,,,,,,,,,,,,,,,,,,,,,,,,,,,,,,,,,,,,,,,,,,,,,,,,,,,,,,,,,,,,,,,,,,,,,,,,,,,,,,,,,,,,,,,,,,,,,,,,,,,,,,,,,,,,,,,,100531,
[3830],CONVERGENT MARGIN,MEXICAN VOLCANIC BELTS / SIERRA MADRE OCCIDENTAL / DURANGO / PACIFIC OCEAN,WAHL^S EL SALTO AREA,24.25,24.75,-104.5,-105,SUBAERIAL,,,s 6 [3830],NOT GIVEN [3830],,,,,,,,,VOLCANIC ROCK,,,,,WHOLE_ROCK [3830] ,342770.08550000004,1738.0859999999998,,73936.3647,,9791.599999999999,3109.2000000000003,,4788.490000000001,723.6479999999999,387.22900000000004,,34202.18,34718.9076,87.2842,,4800.,2200.,,0,,,,,,,,,,,,,,,,,,,,,,,,,,,,,,,,,,,,,,,,,,,,,,,,,,,,,,,,,,,,,,,,,,,,,,,,,,,,,,,,,,,,,,,,,,,,,,,,,,,,,,,,,,,,,,,,,,,,,,,,,,,,100532,
[3830],CONVERGENT MARGIN,MEXICAN VOLCANIC BELTS / SIERRA MADRE OCCIDENTAL / DURANGO / PACIFIC OCEAN,DURANGO CITY AREA,24.25,24.75,-104.5,-105,SUBAERIAL,,,s 7 [3830],ANDESITE [3830],,,,,,,,,VOLCANIC ROCK,,,,,WHOLE_ROCK [3830] ,276254.085,5274.192,,87326.41500000001,,13988,33190.71,,44525.810000000005,16523.296000000002,851.9038,,7886.424999999999,27151.9662,1091.0525,,17600.,4400.,,2100.,,,,,,,,,,,,,,,,,,,,,,,,,,,,,,,,,,,,,,,,,,,,,,,,,,,,,,,,,,,,,,,,,,,,,,,,,,,,,,,,,,,,,,,,,,,,,,,,,,,,,,,,,,,,,,,,,,,,,,,,,,,,100533,
[3830],CONVERGENT MARGIN,MEXICAN VOLCANIC BELTS / SIERRA MADRE OCCIDENTAL / DURANGO / REGISTRO TUFFS / PACIFIC OCEAN,DURANGO CITY AREA,24.25,24.75,-104.5,-105,SUBAERIAL,,,s 8 [3830],NOT GIVEN [3830],,,,,,,,,VOLCANIC ROCK,,,,,WHOLE_ROCK [3830] ,359457.5150000001,539.406,,62451.61800000001,,8602.619999999999,1554.6000000000001,,2715.86,422.12800000000004,309.7832,,37771.825,23961.981099999997,218.21050000000002,,6800.000000000001,1300.,,0,,,,,,,,,,,,,,,,,,,,,,,,,,,,,,,,,,,,,,,,,,,,,,,,,,,,,,,,,,,,,,,,,,,,,,,,,,,,,,,,,,,,,,,,,,,,,,,,,,,,,,,,,,,,,,,,,,,,,,,,,,,,100534,
[3830],CONVERGENT MARGIN,MEXICAN VOLCANIC BELTS / SIERRA MADRE OCCIDENTAL / DURANGO / AGUILA FORMATION / PACIFIC OCEAN,DURANGO CITY AREA,24.25,24.75,-104.5,-105,SUBAERIAL,,,s 9 [3830],NOT GIVEN [3830],,,,,,,,,VOLCANIC ROCK,,,,,WHOLE_ROCK [3830] ,351043.685,1678.152,,65627.12400000001,,16995.420000000002,2176.44,,4288.2,603.04,309.7832,,42503.68,20771.996,610.9894,,9700.,2300.,,200.,,,,,,,,,,,,,,,,,,,,,,,,,,,,,,,,,,,,,,,,,,,,,,,,,,,,,,,,,,,,,,,,,,,,,,,,,,,,,,,,,,,,,,,,,,,,,,,,,,,,,,,,,,,,,,,,,,,,,,,,,,,,100535,
[3830],CONVERGENT MARGIN,MEXICAN VOLCANIC BELTS / SIERRA MADRE OCCIDENTAL / DURANGO / CACARIA INTRUSIVE / PACIFIC OCEAN,DURANGO CITY AREA,24.25,24.75,-104.5,-105,SUBAERIAL,,,s 10 [3830],NOT GIVEN [3830],,,,,,,,,VOLCANIC ROCK,,,,,WHOLE_ROCK [3830] ,349641.38,1738.0859999999998,,66156.375,,14687.400000000001,1865.52,,6932.59,1628.208,232.3374,,37771.825,21068.7388,349.1368,,8300.,1700.0000000000002,,100.,,,,,,,,,,,,,,,,,,,,,,,,,,,,,,,,,,,,,,,,,,,,,,,,,,,,,,,,,,,,,,,,,,,,,,,,,,,,,,,,,,,,,,,,,,,,,,,,,,,,,,,,,,,,,,,,,,,,,,,,,,,,100536,
[3830],CONVERGENT MARGIN,MEXICAN VOLCANIC BELTS / SIERRA MADRE OCCIDENTAL / DURANGO / SANTUARIO FORMATION / PACIFIC OCEAN,DURANGO CITY AREA,24.25,24.75,-104.5,-105,SUBAERIAL,,,s 11 [3830],NOT GIVEN [3830],,,,,,,,,VOLCANIC ROCK,,,,,WHOLE_ROCK [3830] ,358055.21,899.0099999999999,,65097.87300000001,,8182.98,1243.68,,3073.21,1507.6,309.7832,,44163.98,21068.7388,130.9263,,9000.,3400.0000000000005,,0,,,,,,,,,,,,,,,,,,,,,,,,,,,,,,,,,,,,,,,,,,,,,,,,,,,,,,,,,,,,,,,,,,,,,,,,,,,,,,,,,,,,,,,,,,,,,,,,,,,,,,,,,,,,,,,,,,,,,,,,,,,,100537,
[3830],CONVERGENT MARGIN,MEXICAN VOLCANIC BELTS / SIERRA MADRE OCCIDENTAL / DURANGO / TUNAL FORMATION / PACIFIC OCEAN,DURANGO CITY AREA,24.25,24.75,-104.5,-105,SUBAERIAL,,,s 12 [3830],NOT GIVEN [3830],,,,,,,,,VOLCANIC ROCK,,,,,WHOLE_ROCK [3830] ,344967.03,1258.6139999999998,,71184.2595,,11190.400000000001,2176.44,,5503.1900000000005,1447.2959999999998,154.8916,,36194.54,24258.7239,218.21050000000002,,9200.,3800.,,100.,,,,,,,,,,,,,,,,,,,,,,,,,,,,,,,,,,,,,,,,,,,,,,,,,,,,,,,,,,,,,,,,,,,,,,,,,,,,,,,,,,,,,,,,,,,,,,,,,,,,,,,,,,,,,,,,,,,,,,,,,,,,100538,
[3830],CONVERGENT MARGIN,MEXICAN VOLCANIC BELTS / SIERRA MADRE OCCIDENTAL / DURANGO / SANTA MARIA FORMATION / PACIFIC OCEAN,DURANGO CITY AREA,24.25,24.75,-104.5,-105,SUBAERIAL,,,s 13 [3830],NOT GIVEN [3830],,,,,,,,,VOLCANIC ROCK,,,,,WHOLE_ROCK [3830] ,344920.28650000005,1977.822,,70972.5591,,14267.76,3575.5800000000004,,7504.35,1567.904,464.6748,,34866.3,30045.208499999997,305.4947,,4400.,2200.,,400.,,,,,,,,,,,,,,,,,,,,,,,,,,,,,,,,,,,,,,,,,,,,,,,,,,,,,,,,,,,,,,,,,,,,,,,,,,,,,,,,,,,,,,,,,,,,,,,,,,,,,,,,,,,,,,,,,,,,,,,,,,,,100539,
[3830],CONVERGENT MARGIN,MEXICAN VOLCANIC BELTS / SIERRA MADRE OCCIDENTAL / DURANGO / CALERAS FORMATION / PACIFIC OCEAN,DURANGO CITY AREA,24.25,24.75,-104.5,-105,SUBAERIAL,,,s 14 [3830],BASALT [3830],,,,,,,,,VOLCANIC ROCK,,,,,WHOLE_ROCK [3830] ,253349.77000000002,8990.099999999999,,85844.5122,,25737.920000000002,44694.75,,56532.770000000004,31177.167999999998,1161.687,,12618.28,21439.6673,2313.0313,,7000.,1400.0000000000002,,300.,,,,,,,,,,,,,,,,,,,,,,,,,,,,,,,,,,,,,,,,,,,,,,,,,,,,,,,,,,,,,,,,,,,,,,,,,,,,,,,,,,,,,,,,,,,,,,,,,,,,,,,,,,,,,,,,,,,,,,,,,,,,100540,
[3830],CONVERGENT MARGIN,MEXICAN VOLCANIC BELTS / SIERRA MADRE OCCIDENTAL / DURANGO / GUADALUPE FORMATION / PACIFIC OCEAN,DURANGO CITY AREA,24.25,24.75,-104.5,-105,SUBAERIAL,,,s 15 [3830],BASALT [3830],,,,,,,,,VOLCANIC ROCK,,,,,WHOLE_ROCK [3830] ,244935.94,6652.674,,91295.7975,,31473.,38476.35,,62607.72,29368.048,1394.0244,,7637.38,20771.996,1265.6209,,10000,3100.,,900.,,,,,,,,,,,,,,,,,,,,,,,,,,,,,,,,,,,,,,,,,,,,,,,,,,,,,,,,,,,,,,,,,,,,,,,,,,,,,,,,,,,,,,,,,,,,,,,,,,,,,,,,,,,,,,,,,,,,,,,,,,,,100541,
[3830],CONVERGENT MARGIN,MEXICAN VOLCANIC BELTS / SIERRA MADRE OCCIDENTAL / DURANGO / GARAVITO FORMATION / PACIFIC OCEAN,DURANGO CITY AREA,24.25,24.75,-104.5,-105,SUBAERIAL,,,s 16 [3830],NOT GIVEN [3830],,,,,,,,,VOLCANIC ROCK,,,,,WHOLE_ROCK [3830] ,355016.88250000007,719.208,,65415.4236,,11749.92,1710.06,,2215.57,1266.3839999999998,77.4458,,33538.06,24036.1668,87.2842,,5900.,2700.,,100.,,,,,,,,,,,,,,,,,,,,,,,,,,,,,,,,,,,,,,,,,,,,,,,,,,,,,,,,,,,,,,,,,,,,,,,,,,,,,,,,,,,,,,,,,,,,,,,,,,,,,,,,,,,,,,,,,,,,,,,,,,,,100542,
[3830],CONVERGENT MARGIN,MEXICAN VOLCANIC BELTS / SIERRA MADRE OCCIDENTAL / DURANGO / SOLDADO FORMATION / PACIFIC OCEAN,DURANGO CITY AREA,24.25,24.75,-104.5,-105,SUBAERIAL,,,s 19 [3830],NOT GIVEN [3830],,,,,,,,,VOLCANIC ROCK,,,,,WHOLE_ROCK [3830] ,358475.90150000004,1498.35,,66156.375,,8532.68,1321.41,,1786.75,1025.1680000000001,154.8916,,39349.11,19659.210499999997,130.9263,,13300.,4900.,,0,,,,,,,,,,,,,,,,,,,,,,,,,,,,,,,,,,,,,,,,,,,,,,,,,,,,,,,,,,,,,,,,,,,,,,,,,,,,,,,,,,,,,,,,,,,,,,,,,,,,,,,,,,,,,,,,,,,,,,,,,,,,100543,
[3830],CONVERGENT MARGIN,MEXICAN VOLCANIC BELTS / SIERRA MADRE OCCIDENTAL / DURANGO / METATES FORMATION / PACIFIC OCEAN,DURANGO CITY AREA,24.25,24.75,-104.5,-105,SUBAERIAL,,,s 20 [3830],NOT GIVEN [3830],,,,,,,,,VOLCANIC ROCK,,,,,WHOLE_ROCK [3830] ,233250.065,16541.783999999996,,85738.662,,28325.699999999997,48969.9,,48242.25,26895.584,1239.1328,,24406.41,29674.28,4844.2731,,6800.000000000001,1800.,,300.,,,,,,,,,,,,,,,,,,,,,,,,,,,,,,,,,,,,,,,,,,,,,,,,,,,,,,,,,,,,,,,,,,,,,,,,,,,,,,,,,,,,,,,,,,,,,,,,,,,,,,,,,,,,,,,,,,,,,,,,,,,,100544,
[3830],CONVERGENT MARGIN,MEXICAN VOLCANIC BELTS / SIERRA MADRE OCCIDENTAL / DURANGO / METATES FORMATION / PACIFIC OCEAN,DURANGO CITY AREA,24.25,24.75,-104.5,-105,SUBAERIAL,,,s 21 [3830],NOT GIVEN [3830],,,,,,,,,VOLCANIC ROCK,,,,,WHOLE_ROCK [3830] ,229697.559,13125.545999999998,,89231.71860000001,,37627.72,45005.67,,45955.21,24000.992,1239.1328,,20172.645,34125.422,4407.8521,,11700.,4300.,,600.,,,,,,,,,,,,,,,,,,,,,,,,,,,,,,,,,,,,,,,,,,,,,,,,,,,,,,,,,,,,,,,,,,,,,,,,,,,,,,,,,,,,,,,,,,,,,,,,,,,,,,,,,,,,,,,,,,,,,,,,,,,,100545,
[3830],CONVERGENT MARGIN,MEXICAN VOLCANIC BELTS / SIERRA MADRE OCCIDENTAL / DURANGO / PACIFIC OCEAN,DURANGO CITY AREA,24.25,24.75,-104.5,-105,SUBAERIAL,,,s 22 [3830],BASALT [3830],,,,,,,,,VOLCANIC ROCK,,,,,WHOLE_ROCK [3830] ,241196.46000000002,10848.054,,78434.9982,,14127.880000000001,67236.45,,62178.899999999994,41549.456,1161.687,,5562.005,21810.5958,1352.9051,,3800.,1000.,,1500.,,,,,,,,,,,,,,,,,,,,,,,,,,,,,,,,,,,,,,,,,,,,,,,,,,,,,,,,,,,,,,,,,,,,,,,,,,,,,,,,,,,,,,,,,,,,,,,,,,,,,,,,,,,,,,,,,,,,,,,,,,,,100546,
[4698],CONVERGENT MARGIN,MEXICAN VOLCANIC BELTS / TRANS MEXICAN VOLCANIC BELT / JALISCO / AYUTLA / PACIFIC OCEAN,,20.0901,20.0901,-104.0273,-104.0273,SUBAERIAL,,,s AY-501 [4698],HAWAIITE [4698],,,,,,,,,VOLCANIC ROCK,,,,,WHOLE_ROCK [4698] ,241991.09950000004,10608.318,,85950.3624,,,,75786.75,56604.24,34554.192,1239.1328,,11207.025000000001,27003.5948,2051.1787,,,,,,,,,,,,,,,,6500.,,,,,,,,,,,,,,,,,,,,,,,,,,,,24,,211,130,,,,81,27,100,25,,,,,20,621,29,201,18.5,,,,,,,,,,,,,558,16,52,,,,,,,,,,,,,,,,,,,,,,,6,,3,,,,,,,,,,,,,,,,,,,,,,,,,,102058,
[4698],CONVERGENT MARGIN,MEXICAN VOLCANIC BELTS / TRANS MEXICAN VOLCANIC BELT / JALISCO / AYUTLA / PACIFIC OCEAN,,20.162,20.162,-104.3383,-104.3383,SUBAERIAL,,,s AY-509 [4698],"BASALT, ALKALINE [4698]",,,,,,,,,VOLCANIC ROCK,,,,,WHOLE_ROCK [4698] ,228248.5105,6532.8060000000005,,77746.9719,,,,62883.57,59248.63,59339.136,991.30624,,13033.355000000001,36870.29289999999,4364.21,,,,,,,,,,,,,,,,12800.,,,,,,,,,,,,,,,,,,,,,,,,,,,,26,,204,370,,,,230,42,134,20,,,,,19,1289,16,170,13.9,,,,,,,,,,,,,1098,43,74,,,,,,,,,,,,,,,,,,,,,,,15,,8,,,,,,,,,,,,,,,,,,,,,,,,,,102059,
[4698],CONVERGENT MARGIN,MEXICAN VOLCANIC BELTS / TRANS MEXICAN VOLCANIC BELT / JALISCO / AYUTLA / PACIFIC OCEAN,,20.162,20.162,-104.3383,-104.3383,SUBAERIAL,,,s AY-510 [4698],"BASALT, ALKALINE [4698]",,,,,,,,,VOLCANIC ROCK,,,,,WHOLE_ROCK [4698] ,225584.131,6712.608,,77905.74720000001,,,,63894.060000000005,60892.439999999995,60786.43199999999,1022.28456,,13697.474999999999,36796.1072,4800.631,,,,,,,,,,,,,,,,14800.,,,,,,,,,,,,,,,,,,,,,,,,,,,,26,,211,162,,,,224,48,146,23,,,,,21,1339,16,173,14.5,,,,,,,,,,,,,962,51,83,,,,,,,,,,,,,,,,,,,,,,,16,,7,,,,,,,,,,,,,,,,,,,,,,,,,,102060,
[4698],CONVERGENT MARGIN,MEXICAN VOLCANIC BELTS / TRANS MEXICAN VOLCANIC BELT / JALISCO / AYUTLA / PACIFIC OCEAN,,20.1185,20.1185,-104.074,-104.074,SUBAERIAL,,,s AY-500 [4698],"TRACHYANDESITE, BASALTIC [4698]",,,,,,,,,VOLCANIC ROCK,,,,,WHOLE_ROCK [4698] ,260875.47350000002,4854.654,,84150.909,,,,42051.93,60177.74,20985.791999999998,851.9038,,20670.735,25816.6236,2313.0313,,,,,,,,,,,,,,,,36400.,,,,,,,,,,,,,,,,,,,,,,,,,,,,16,,125,86,,,,106,18,92,19,,,,,44,1382,13,228,7.8,,,,,,,,,,,,,1058,26,56,,,,,,,,,,,,,,,,,,,,,,,11,,2,,,,,,,,,,,,,,,,,,,,,,,,,,102061,
[4698],CONVERGENT MARGIN,MEXICAN VOLCANIC BELTS / TRANS MEXICAN VOLCANIC BELT / JALISCO / AYUTLA / PACIFIC OCEAN,,20.188,20.188,-104.1615,-104.1615,SUBAERIAL,,,s AY-504 [4698],TRACHYANDESITE [4698],,,,,,,,,VOLCANIC ROCK,,,,,WHOLE_ROCK [4698] ,276955.23750000005,6233.1359999999995,,78011.5974,,,,36533.1,45026.1,28584.096,681.5230399999999,,33621.075,29154.9801,2487.5996999999998,,,,,,,,,,,,,,,,4800.,,,,,,,,,,,,,,,,,,,,,,,,,,,,15,,116,171,,,,154,15,67,21,,,,,48,2136,16,298,5.8,,,,,,,,,,,,,1512,32,89,,,,,,,,,,,,,,,,,,,,,,,11,,4,,,,,,,,,,,,,,,,,,,,,,,,,,102062,
[4698],CONVERGENT MARGIN,MEXICAN VOLCANIC BELTS / TRANS MEXICAN VOLCANIC BELT / JALISCO / AYUTLA / PACIFIC OCEAN,,20.2282,20.2282,-104.2168,-104.2168,SUBAERIAL,,,s AY-505 [4698],"TRACHYANDESITE, BASALTIC [4698]",,,,,,,,,VOLCANIC ROCK,,,,,WHOLE_ROCK [4698] ,250171.21200000003,5993.4,,82721.93130000001,,,,49902.659999999996,54960.43,44323.439999999995,836.41464,,24738.47,29303.3515,2182.105,,,,,,,,,,,,,,,,6600.,,,,,,,,,,,,,,,,,,,,,,,,,,,,24,,167,142,,,,167,36,79,22,,,,,34,1502,18,218,6.6,,,,,,,,,,,,,1149,25,75,,,,,,,,,,,,,,,,,,,,,,,13,,6,,,,,,,,,,,,,,,,,,,,,,,,,,102063,
[4698],CONVERGENT MARGIN,MEXICAN VOLCANIC BELTS / TRANS MEXICAN VOLCANIC BELT / JALISCO / AYUTLA / PACIFIC OCEAN,,20.1446,20.1446,-104.314,-104.314,SUBAERIAL,,,s AY-508 [4698],"TRACHYANDESITE, BASALTIC [4698]",,,,,,,,,VOLCANIC ROCK,,,,,WHOLE_ROCK [4698] ,246104.52750000003,6832.475999999999,,76106.29380000001,,,,54877.38,55818.07,49931.71199999999,774.4580000000001,,15025.715,35757.5074,3054.9469999999997,,,,,,,,,,,,,,,,17000.,,,,,,,,,,,,,,,,,,,,,,,,,,,,19,,167,316,,,,217,43,118,24,,,,,69,1956,15,228,11.6,,,,,,,,,,,,,1655,47,95,,,,,,,,,,,,,,,,,,,,,,,13,,4,,,,,,,,,,,,,,,,,,,,,,,,,,102064,
[4698],CONVERGENT MARGIN,MEXICAN VOLCANIC BELTS / TRANS MEXICAN VOLCANIC BELT / JALISCO / TAPALPA / PACIFIC OCEAN,,19.8462,19.8462,-103.669,-103.669,SUBAERIAL,,,s TAP-07 [4698],TRACHYANDESITE [4698],,,,,,,,,VOLCANIC ROCK,,,,,WHOLE_ROCK [4698] ,274851.78,5573.862,,90396.0708,,,,38554.08,42095.829999999994,16462.992,464.6748,,34700.27,32864.2651,2400.3155,,,,,,,,,,,,,,,,11900.,,,,,,,,,,,,,,,,,,,,,,,,,,,,13,,120,162,,,,98,24,90,24,,,,,56,1786,32,345,5.4,,,,,,,,,,,,,1293,72,111,,,,,,,,,,,,,,,,,,,,,,,13,,3,,,,,,,,,,,,,,,,,,,,,,,,,,102065,
[4698],CONVERGENT MARGIN,MEXICAN VOLCANIC BELTS / TRANS MEXICAN VOLCANIC BELT / JALISCO / TAPALPA / PACIFIC OCEAN,,19.9418,19.9418,-103.7658,-103.7658,SUBAERIAL,,,s TAP-12 [4698],"TRACHYANDESITE, BASALTIC [4698]",,,,,,,,,VOLCANIC ROCK,,,,,WHOLE_ROCK [4698] ,254097.66600000003,6472.872,,86955.9393,,,,54799.65,57676.29,35639.664,851.9038,,12701.295,33086.822199999995,2094.8208,,,,,,,,,,,,,,,,10500.,,,,,,,,,,,,,,,,,,,,,,,,,,,,21,,164,233,,,,131,22,97,20,,,,,24,1153,16,162,10.6,,,,,,,,,,,,,788,35,77,,,,,,,,,,,,,,,,,,,,,,,6,,4,,,,,,,,,,,,,,,,,,,,,,,,,,102066,
[4698],CONVERGENT MARGIN,MEXICAN VOLCANIC BELTS / TRANS MEXICAN VOLCANIC BELT / JALISCO / TAPALPA / PACIFIC OCEAN,,19.858,19.858,-103.8036,-103.8036,SUBAERIAL,,,s TAP-15 [4698],"TRACHYANDESITE, BASALTIC [4698]",,,,,,,,,VOLCANIC ROCK,,,,,WHOLE_ROCK [4698] ,262698.47000000003,4734.786,,88279.0668,,,,45627.51,48956.95,31116.863999999998,774.4580000000001,,19425.51,34718.9076,1745.6840000000002,,,,,,,,,,,,,,,,7700.,,,,,,,,,,,,,,,,,,,,,,,,,,,,17,,129,177,,,,144,37,80,19,,,,,29,1308,14,203,7.1,,,,,,,,,,,,,898,23,61,,,,,,,,,,,,,,,,,,,,,,,11,,5,,,,,,,,,,,,,,,,,,,,,,,,,,102067,
[4698],CONVERGENT MARGIN,MEXICAN VOLCANIC BELTS / TRANS MEXICAN VOLCANIC BELT / JALISCO / AYUTLA / PACIFIC OCEAN,,20.1495,20.1495,-104.1706,-104.1706,SUBAERIAL,,,s AY-503 [4698],ANDESITE [4698],,,,,,,,,VOLCANIC ROCK,,,,,WHOLE_ROCK [4698] ,276207.34150000004,3655.9739999999997,,93465.72660000001,,,,40575.06,45097.57,28342.88,666.03388,,9712.755,35312.3932,916.4841,,,,,,,,,,,,,,,,6600.,,,,,,,,,,,,,,,,,,,,,,,,,,,,16,,113,132,,,,102,16,69,21,,,,,12,1085,15,125,2.4,,,,,,,,,,,,,661,27,18,,,,,,,,,,,,,,,,,,,,,,,6,,1,,,,,,,,,,,,,,,,,,,,,,,,,,102068,
[4698],CONVERGENT MARGIN,MEXICAN VOLCANIC BELTS / TRANS MEXICAN VOLCANIC BELT / JALISCO / AYUTLA / PACIFIC OCEAN,,20.2123,20.2123,-104.2401,-104.2401,SUBAERIAL,,,s AY-506 [4698],"MINETTE, AUGITE [4698]",,,,,,,,,PLUTONIC ROCK,,,,,WHOLE_ROCK [4698] ,250124.46850000002,10788.119999999999,,78117.4476,,,,48814.44,55532.189999999995,21347.615999999998,735.7351,,44994.13,26261.7378,5848.0414,,,,,,,,,,,,,,,,21800.,,,,,,,,,,,,,,,,,,,,,,,,,,,,18,,161,52,,,,25,37,137,27,,,,,56,3067,16,447,23.2,,,,,,,,,,,,,2139,85,191,,,,,,,,,,,,,,,,,,,,,,,15,,4,,,,,,,,,,,,,,,,,,,,,,,,,,102069,
[4698],CONVERGENT MARGIN,MEXICAN VOLCANIC BELTS / TRANS MEXICAN VOLCANIC BELT / JALISCO / AYUTLA / PACIFIC OCEAN,,20.1856,20.1856,-104.246,-104.246,SUBAERIAL,,,s AY-507 [4698],"MINETTE, AUGITE [4698]",,,,,,,,,PLUTONIC ROCK,,,,,WHOLE_ROCK [4698] ,261903.83050000004,7132.145999999999,,81134.1783,,,,47726.219999999994,40166.14,23880.384,619.5664,,43582.875,30341.951299999997,4320.5679,,,,,,,,,,,,,,,,18600.,,,,,,,,,,,,,,,,,,,,,,,,,,,,14,,131,199,,,,183,19,119,23,,,,,51,2819,32,375,10.6,,,,,,,,,,,,,2352,121,178,,,,,,,,,,,,,,,,,,,,,,,25,,6,,,,,,,,,,,,,,,,,,,,,,,,,,102070,
[4698],CONVERGENT MARGIN,MEXICAN VOLCANIC BELTS / TRANS MEXICAN VOLCANIC BELT / JALISCO / TAPALPA / PACIFIC OCEAN,,19.905,19.905,-103.811,-103.811,SUBAERIAL,,,s TAP-04 [4698],"MINETTE, OLIVINE [4698]",,,,,,,,,PLUTONIC ROCK,,,,,WHOLE_ROCK [4698] ,223574.1605,16841.453999999998,,54936.253800000006,,,,77652.27,47813.43,51982.047999999995,929.3496,,54540.855,29674.28,4015.0732000000003,,,,,,,,,,,,,,,,23200.,,,,,,,,,,,,,,,,,,,,,,,,,,,,16,,268,230,,,,191,119,247,19,,,,,79,1338,16,370,56.5,,,,,,,,,,,,,2241,87,162,,,,,,,,,,,,,,,,,,,,,,,23,,6,,,,,,,,,,,,,,,,,,,,,,,,,,102071,
[4698],CONVERGENT MARGIN,MEXICAN VOLCANIC BELTS / TRANS MEXICAN VOLCANIC BELT / JALISCO / TAPALPA / PACIFIC OCEAN,,19.868,19.868,-103.7598,-103.7598,SUBAERIAL,,,s TAP-08 [4698],"MINETTE, OLIVINE [4698]",,,,,,,,,PLUTONIC ROCK,,,,,WHOLE_ROCK [4698] ,242224.817,15762.641999999998,,62398.692899999995,,,,60318.479999999996,48456.66,37388.479999999996,851.9038,,39183.079999999994,25000.5809,5804.3993,,,,,,,,,,,,,,,,43900.,,,,,,,,,,,,,,,,,,,,,,,,,,,,22,,234,187,,,,127,68,159,20,,,,,104,2222,16,621,31.7,,,,,,,,,,,,,4482,75,122,,,,,,,,,,,,,,,,,,,,,,,49,,1,,,,,,,,,,,,,,,,,,,,,,,,,,102072,
[4495],CONVERGENT MARGIN,MEXICAN VOLCANIC BELTS / TRANS MEXICAN VOLCANIC BELT / MORELOS / CHICHINAUTZIN VOLCANIC FIELD - XITLE / PACIFIC OCEAN,"CUICUIZCO, VALLEY OLIMPICA",19.3,19.3,-99.02,-99.02,SUBAERIAL,,,s MX0001 [4495],"BASALT, OLIVINE [4495]",,,,,,,,VESICULAR [4495] ,VOLCANIC ROCK,,,,,WHOLE_ROCK [4495] ,236989.54500000004,11207.658,,82986.5568,,,,71278.41,60963.909999999996,50353.84,1316.5786,,9878.785,27003.5948,2094.8208,,,,,,,,,,,,,,,,,,,,,,,,,,,,,,,,,,,,,,,,,,,,,,,310.8,,,,153.7,38.5,78.3,,,,,,17.7,551.6,,,,,,,,,,,,,,,,296.9,,,,,,,,,,,,,,,,,,,,,,,,,0.5,,4,,,,,,,,,,,,,,,,,,,,,,,,,,104935,
[4495],CONVERGENT MARGIN,MEXICAN VOLCANIC BELTS / TRANS MEXICAN VOLCANIC BELT / MEXICO / PACIFIC OCEAN,"10 KM NORTH OF TULA PARK, ROAD CUT",19,19,-99,-99,SUBAERIAL,,,s MX0011 [4495],BASALT [4495],,,,,,,,,VOLCANIC ROCK,,,,,WHOLE_ROCK [4495] ,247460.089,6772.541999999999,,86903.01420000002,,,,70501.11,65037.7,40765.50399999999,1239.1328,,6143.11,22478.267099999997,654.6315,,,,,,,,,,,,,,,,,,,,,,,,,,,,,,,,,,,,,,,,,,,,,,,238,,,,45.5,17.8,69.9,,,,,,15.7,506.9,,,,,,,,,,,,,,,,309.2,,,,,,,,,,,,,,,,,,,,,,,,,1.3,,3.2,,,,,,,,,,,,,,,,,,,,,,,,,,104936,
[4495],CONVERGENT MARGIN,MEXICAN VOLCANIC BELTS / TRANS MEXICAN VOLCANIC BELT / MEXICO / PACIFIC OCEAN,"STA. ISABEL, LAREDO ROAD",19.5,19.5,-99.11,-99.11,SUBAERIAL,,,s MX0042 [4495],ANDESITE [4495],,,MIDDLE [4495],MIOCENE [4495],,,,,VOLCANIC ROCK,,,,,WHOLE_ROCK [4495] ,282050.27900000004,5513.928,,88649.54250000001,,,,41896.469999999994,48671.07,21106.399999999998,697.0122,,14776.67,29154.9801,741.9157,,,,,,,,,,,,,,,,,,,,,,,,,,,,,,,,,,,,,,,,,,,,,,,55.9,,,,29.3,10.6,0,,,,,,0,0,,,,,,,,,,,,,,,,0,,,,,,,,,,,,,,,,,,,,,,,,,3.7,,8.4,,,,,,,,,,,,,,,,,,,,,,,,,,104937,
[4495],CONVERGENT MARGIN,MEXICAN VOLCANIC BELTS / TRANS MEXICAN VOLCANIC BELT / MEXICO / PACIFIC OCEAN,BASE OF CO. PATLACATE,19,19,-99,-99,SUBAERIAL,,,s MX0039 [4495],ANDESITE [4495],,,MIDDLE [4495],MIOCENE [4495],,,,,VOLCANIC ROCK,,,,,WHOLE_ROCK [4495] ,282424.227,5993.4,,89655.11940000001,,,,38320.89,47956.37,24965.855999999996,774.4580000000001,,16519.985,25519.8808,698.2736,,,,,,,,,,,,,,,,,,,,,,,,,,,,,,,,,,,,,,,,,,,,,,,82.2,,,,39.1,18,66,,,,,,48.3,470.3,,,,,,,,,,,,,,,,0,,,,,,,,,,,,,,,,,,,,,,,,,5.3,,9.4,,,,,,,,,,,,,,,,,,,,,,,,,,104938,
[4495],CONVERGENT MARGIN,MEXICAN VOLCANIC BELTS / TRANS MEXICAN VOLCANIC BELT / MEXICO / PACIFIC OCEAN,N PART OF CHIMALHUACAN RANGES,19.42,19.42,-98.96,-98.96,SUBAERIAL,,,s MX0033 [4495],ANDESITE [4495],,,UPPER [4495],QUATERNARY [4495],,,,,VOLCANIC ROCK,,,,,WHOLE_ROCK [4495] ,284527.68450000003,5394.0599999999995,,87432.2652,,,,41663.280000000006,41023.78,25207.071999999996,774.4580000000001,,16104.91,29748.465699999997,1091.0525,,,,,,,,,,,,,,,,,,,,,,,,,,,,,,,,,,,,,,,,,,,,,,,119.6,,,,52.5,20.7,68.4,,,,,,48.1,412.8,,,,,,,,,,,,,,,,0,,,,,,,,,,,,,,,,,,,,,,,,,3.1,,8.8,,,,,,,,,,,,,,,,,,,,,,,,,,104939,
[4495],CONVERGENT MARGIN,MEXICAN VOLCANIC BELTS / TRANS MEXICAN VOLCANIC BELT / MEXICO / PACIFIC OCEAN,RIO FRIO,19.32,19.32,-98.72,-98.72,SUBAERIAL,,,s MX0038 [4495],ANDESITE [4495],,,UPPER [4495],QUATERNARY [4495],,,,,VOLCANIC ROCK,,,,,WHOLE_ROCK [4495] ,286724.629,5813.597999999999,,86850.0891,,,,39175.92,42238.770000000004,24302.512,774.4580000000001,,15689.835,29600.0943,1047.4104,,,,,,,,,,,,,,,,,,,,,,,,,,,,,,,,,,,,,,,,,,,,,,,121,,,,52.8,21.4,69.1,,,,,,45.7,407.2,,,,,,,,,,,,,,,,0,,,,,,,,,,,,,,,,,,,,,,,,,4.6,,9.4,,,,,,,,,,,,,,,,,,,,,,,,,,104940,
[4495],CONVERGENT MARGIN,MEXICAN VOLCANIC BELTS / TRANS MEXICAN VOLCANIC BELT / MEXICO / PACIFIC OCEAN,1 KM NORTH OF CORTEZ PASS,19.095,19.095,-98.65,-98.65,SUBAERIAL,,,s MX0050 [4495],DACITE [4495],,,UPPER [4495],QUATERNARY [4495],,,,,VOLCANIC ROCK,,,,,WHOLE_ROCK [4495] ,291258.74850000005,4794.72,,86479.6134,,,,38087.700000000004,35735,25930.719999999998,697.0122,,14610.64,30861.2512,872.8420000000001,,,,,,,,,,,,,,,,,,,,,,,,,,,,,,,,,,,,,,,,,,,,,,,134.3,,,,77.6,16.3,71.7,,,,,,42.9,508.8,,,,,,,,,,,,,,,,0,,,,,,,,,,,,,,,,,,,,,,,,,4.6,,8.2,,,,,,,,,,,,,,,,,,,,,,,,,,104941,
[4495],CONVERGENT MARGIN,MEXICAN VOLCANIC BELTS / TRANS MEXICAN VOLCANIC BELT / MEXICO / PACIFIC OCEAN,"CORTZEZ PASS ROAD, YOLOXOCHITL CURVE",19.09,19.09,-98.68,-98.68,SUBAERIAL,,,s MX0046 [4495],DACITE [4495],,,MIDDLE [4495],MIOCENE [4495],,,,,VOLCANIC ROCK,,,,,WHOLE_ROCK [4495] ,293175.232,4375.182,,96323.682,,,,32024.760000000002,37021.46,14895.088,697.0122,,13531.445,33902.8649,610.9894,,,,,,,,,,,,,,,,,,,,,,,,,,,,,,,,,,,,,,,,,,,,,,,33,,,,38.5,17,63.8,,,,,,41,447.1,,,,,,,,,,,,,,,,0,,,,,,,,,,,,,,,,,,,,,,,,,4,,8.5,,,,,,,,,,,,,,,,,,,,,,,,,,104942,
[4495],CONVERGENT MARGIN,MEXICAN VOLCANIC BELTS / TRANS MEXICAN VOLCANIC BELT / MEXICO / PACIFIC OCEAN,PRAE TELAPON E OF RIO FRIO,19.355,19.355,-98.63,-98.63,SUBAERIAL,,,s MX0044 [4495],DACITE [4495],,,,PLIOCENE [4495],,,,,VOLCANIC ROCK,,,,,WHOLE_ROCK [4495] ,294063.35850000003,4734.786,,83939.2086,,,,36688.56,38736.74,18030.896,619.5664,,21915.960000000003,30935.436899999997,741.9157,,,,,,,,,,,,,,,,,,,,,,,,,,,,,,,,,,,,,,,,,,,,,,,58,,,,39.4,7.4,0,,,,,,0,0,,,,,,,,,,,,,,,,0,,,,,,,,,,,,,,,,,,,,,,,,,7.6,,12.7,,,,,,,,,,,,,,,,,,,,,,,,,,104943,
[4495],CONVERGENT MARGIN,MEXICAN VOLCANIC BELTS / TRANS MEXICAN VOLCANIC BELT / MEXICO / PACIFIC OCEAN,ALTZOMONI (CHIMNEY),19.12,19.12,-98.657,-98.657,SUBAERIAL,,,s MX0051 [4495],ANDESITE [4495],,,,MIOCENE [4495],,,,,VOLCANIC ROCK,,,,,WHOLE_ROCK [4495] ,294250.3325,4734.786,,90025.5951,,,,34123.469999999994,38093.51,19176.672,309.7832,,15191.745,29748.465699999997,741.9157,,,,,,,,,,,,,,,,,,,,,,,,,,,,,,,,,,,,,,,,,,,,,,,83.3,,,,23.3,14.1,79.8,,,,,,49.8,509.3,,,,,,,,,,,,,,,,0,,,,,,,,,,,,,,,,,,,,,,,,,4.9,,5.3,,,,,,,,,,,,,,,,,,,,,,,,,,104944,
[4495],CONVERGENT MARGIN,MEXICAN VOLCANIC BELTS / TRANS MEXICAN VOLCANIC BELT / MEXICO / PACIFIC OCEAN,,19.5,19.5,-98.792,-98.792,SUBAERIAL,,,s MX0063 [4495],DACITE [4495],,,,NEOGENE [4495],,,,,VOLCANIC ROCK,,,,,WHOLE_ROCK [4495] ,294904.74150000006,4375.182,,91930.8987,,,,32491.14,39308.5,16101.167999999998,697.0122,,18429.33,28487.3088,567.3473,,,,,,,,,,,,,,,,,,,,,,,,,,,,,,,,,,,,,,,,,,,,,,,47.4,,,,36.5,11.2,61.2,,,,,,52.6,420.6,,,,,,,,,,,,,,,,0,,,,,,,,,,,,,,,,,,,,,,,,,4.1,,10.6,,,,,,,,,,,,,,,,,,,,,,,,,,104945,
[4495],CONVERGENT MARGIN,MEXICAN VOLCANIC BELTS / TRANS MEXICAN VOLCANIC BELT / MEXICO / PACIFIC OCEAN,ZACATEPEC,19.307,19.307,-99.198,-99.198,SUBAERIAL,,,s MX0053 [4495],ANDESITE [4495],,,,MIOCENE [4495],,,,,VOLCANIC ROCK,,,,,WHOLE_ROCK [4495] ,297054.9425,4854.654,,88755.3927,,,,32335.68,38879.68,15377.519999999999,774.4580000000001,,15025.715,32715.8937,698.2736,,,,,,,,,,,,,,,,,,,,,,,,,,,,,,,,,,,,,,,,,,,,,,,78.5,,,,39,20.7,57.8,,,,,,38.9,543.5,,,,,,,,,,,,,,,,0,,,,,,,,,,,,,,,,,,,,,,,,,4.6,,5,,,,,,,,,,,,,,,,,,,,,,,,,,104946,
[4495],CONVERGENT MARGIN,MEXICAN VOLCANIC BELTS / TRANS MEXICAN VOLCANIC BELT / MEXICO / PACIFIC OCEAN,PINO RANGES,19.38,19.38,-98.935,-98.935,SUBAERIAL,,,s MX0032 [4495],DACITE [4495],,,LOWER [4495],QUATERNARY [4495],,,,,VOLCANIC ROCK,,,,,WHOLE_ROCK [4495] ,298831.19550000003,4495.049999999999,,88967.0931,,,,35056.229999999996,32447.38,16462.992,542.1206000000001,,16852.045,30935.436899999997,960.1262,,,,,,,,,,,,,,,,,,,,,,,,,,,,,,,,,,,,,,,,,,,,,,,84.6,,,,38.5,15.1,62.1,,,,,,52.5,398.5,,,,,,,,,,,,,,,,0,,,,,,,,,,,,,,,,,,,,,,,,,5,,10.6,,,,,,,,,,,,,,,,,,,,,,,,,,104947,
[4495],CONVERGENT MARGIN,MEXICAN VOLCANIC BELTS / TRANS MEXICAN VOLCANIC BELT / MEXICO / PACIFIC OCEAN,NW BARRIENTOS,19,19,-99,-99,SUBAERIAL,,,s MX0061 [4495],DACITE [4495],,,MIDDLE [4495],MIOCENE [4495],,,,,VOLCANIC ROCK,,,,,WHOLE_ROCK [4495] ,298083.2995,4075.512,,91877.9736,,,,32957.520000000004,40594.96,9950.159999999998,697.0122,,16686.015,29229.1658,610.9894,,,,,,,,,,,,,,,,,,,,,,,,,,,,,,,,,,,,,,,,,,,,,,,37.8,,,,28.8,10.1,54.2,,,,,,41.7,909.9,,,,,,,,,,,,,,,,0,,,,,,,,,,,,,,,,,,,,,,,,,5.5,,2.7,,,,,,,,,,,,,,,,,,,,,,,,,,104948,
[4495],CONVERGENT MARGIN,MEXICAN VOLCANIC BELTS / TRANS MEXICAN VOLCANIC BELT / MEXICO / PACIFIC OCEAN,"LAVA SE OF TEXCOCO, ABANICOS FLANK",19.445,19.445,-98.85,-98.85,SUBAERIAL,,,s MX0036 [4495],DACITE [4495],,,,,,,,,VOLCANIC ROCK,,,,,WHOLE_ROCK [4495] ,299579.09150000004,5394.0599999999995,,87696.8907,,,,34123.469999999994,31804.15,13749.311999999998,619.5664,,19508.525,33531.9364,916.4841,,,,,,,,,,,,,,,,,,,,,,,,,,,,,,,,,,,,,,,,,,,,,,,22.5,,,,26.6,7.5,0,,,,,,0,0,,,,,,,,,,,,,,,,0,,,,,,,,,,,,,,,,,,,,,,,,,6.4,,13.1,,,,,,,,,,,,,,,,,,,,,,,,,,104949,
[4495],CONVERGENT MARGIN,MEXICAN VOLCANIC BELTS / TRANS MEXICAN VOLCANIC BELT / MEXICO / PACIFIC OCEAN,PENON DE LOS BANOS,19.44,19.44,-99.165,-99.165,SUBAERIAL,,,s MX0037 [4495],DACITE [4495],,,MIDDLE [4495],MIOCENE [4495],,,,,VOLCANIC ROCK,,,,,WHOLE_ROCK [4495] ,301074.8835,5094.389999999999,,87432.2652,,,,35367.15,32733.260000000002,10251.679999999998,619.5664,,27228.92,27226.151899999997,916.4841,,,,,,,,,,,,,,,,,,,,,,,,,,,,,,,,,,,,,,,,,,,,,,,24.7,,,,30.2,26.1,60.6,,,,,,112.7,306.4,,,,,,,,,,,,,,,,0,,,,,,,,,,,,,,,,,,,,,,,,,6.7,,16.6,,,,,,,,,,,,,,,,,,,,,,,,,,104950,
[4495],CONVERGENT MARGIN,MEXICAN VOLCANIC BELTS / TRANS MEXICAN VOLCANIC BELT / MEXICO / PACIFIC OCEAN,RIO FRIO,19.33,19.33,-98.708,-98.708,SUBAERIAL,,,s MX0043 [4495],DACITE [4495],,,UPPER [4495],QUATERNARY [4495],,,,,VOLCANIC ROCK,,,,,WHOLE_ROCK [4495] ,301074.8835,5394.0599999999995,,86109.1377,,,,28526.91,34734.420000000006,18694.239999999998,697.0122,,18512.345,31528.9225,741.9157,,,,,,,,,,,,,,,,,,,,,,,,,,,,,,,,,,,,,,,,,,,,,,,88.9,,,,46.5,9.1,59.6,,,,,,57.7,433.6,,,,,,,,,,,,,,,,0,,,,,,,,,,,,,,,,,,,,,,,,,5.4,,11.7,,,,,,,,,,,,,,,,,,,,,,,,,,104951,
[4495],CONVERGENT MARGIN,MEXICAN VOLCANIC BELTS / TRANS MEXICAN VOLCANIC BELT / MORELOS / CHICHINAUTZIN VOLCANIC FIELD - XITLE / PACIFIC OCEAN,"AJUSCO, MAIN CONE ABOVE V , CAM. MONTE",19,19,-99,-99,SUBAERIAL,,,s MX0021 [4495],"DACITE, BIOTITE [4495]",,,,,,,,,VOLCANIC ROCK,,,,,WHOLE_ROCK [4495] ,303131.5975,4015.578,,89020.0182,,,,31325.190000000002,33876.78,12362.319999999998,619.5664,,13946.519999999999,35164.0218,741.9157,,,,,,,,,,,,,,,,,,,,,,,,,,,,,,,,,,,,,,,,,,,,,,,41.6,,,,10.9,7.2,60.6,,,,,,26.6,614.8,,,,,,,,,,,,,,,,523.1,,,,,,,,,,,,,,,,,,,,,,,,,2.8,,8.6,,,,,,,,,,,,,,,,,,,,,,,,,,104952,
[4495],CONVERGENT MARGIN,MEXICAN VOLCANIC BELTS / TRANS MEXICAN VOLCANIC BELT / MEXICO / PACIFIC OCEAN,"CO. TLAPACOYA, PUEBLA ROAD",19.285,19.285,-98.915,-98.915,SUBAERIAL,,,s MX0057 [4495],DACITE [4495],,,UPPER [4495],MIOCENE [4495],,,,,VOLCANIC ROCK,,,,,WHOLE_ROCK [4495] ,305375.2855,4015.578,,87167.6397,,,,30858.81,33447.96,14653.872,619.5664,,14361.595,32048.222400000002,654.6315,,,,,,,,,,,,,,,,,,,,,,,,,,,,,,,,,,,,,,,,,,,,,,,62.5,,,,35.3,9.8,59.4,,,,,,32.4,504.8,,,,,,,,,,,,,,,,0,,,,,,,,,,,,,,,,,,,,,,,,,2.3,,8.3,,,,,,,,,,,,,,,,,,,,,,,,,,104953,
[4495],CONVERGENT MARGIN,MEXICAN VOLCANIC BELTS / TRANS MEXICAN VOLCANIC BELT / MEXICO / PACIFIC OCEAN,"SAN ANDRES DE LA CANADA, AFLORAM, S SIERRA GUADA",19,19,-99,-99,SUBAERIAL,,,s MX0035 [4495],DACITE [4495],,,MIDDLE [4495],MIOCENE [4495],,,,,VOLCANIC ROCK,,,,,WHOLE_ROCK [4495] ,307805.9475,3955.644,,84203.83410000001,,,,31402.920000000002,31875.62,11337.151999999998,619.5664,,26813.845,24926.3952,523.7052,,,,,,,,,,,,,,,,,,,,,,,,,,,,,,,,,,,,,,,,,,,,,,,54.2,,,,29.5,12.9,53.3,,,,,,59.9,401.8,,,,,,,,,,,,,,,,0,,,,,,,,,,,,,,,,,,,,,,,,,6.8,,15.5,,,,,,,,,,,,,,,,,,,,,,,,,,104954,
[4495],CONVERGENT MARGIN,MEXICAN VOLCANIC BELTS / TRANS MEXICAN VOLCANIC BELT / MEXICO / PACIFIC OCEAN,"TLALOC LAST ERUPTION, NE TEXCOCO",19.5,19.5,-98.792,-98.792,SUBAERIAL,,,s MX0062 [4495],DACITE [4495],,,,NEOGENE [4495],,,,,VOLCANIC ROCK,,,,,WHOLE_ROCK [4495] ,308600.587,4315.248,,83780.4333,,,,30470.16,30160.339999999997,13809.616,619.5664,,23991.335000000003,27671.266099999997,610.9894,,,,,,,,,,,,,,,,,,,,,,,,,,,,,,,,,,,,,,,,,,,,,,,43,,,,32.5,7.9,51.8,,,,,,66.7,372.1,,,,,,,,,,,,,,,,0,,,,,,,,,,,,,,,,,,,,,,,,,8.1,,11.3,,,,,,,,,,,,,,,,,,,,,,,,,,104955,
[4495],CONVERGENT MARGIN,MEXICAN VOLCANIC BELTS / TRANS MEXICAN VOLCANIC BELT / MEXICO / PACIFIC OCEAN,MIRADOR,19.217,19.217,-99.153,-99.153,SUBAERIAL,,,s MX0052 [4495],DACITE [4495],,,,MIOCENE [4495],,,,,VOLCANIC ROCK,,,,,WHOLE_ROCK [4495] ,310470.32700000005,3775.8419999999996,,88067.36640000001,,,,30236.97,29374.170000000002,6874.655999999999,619.5664,,16769.03,34570.5362,610.9894,,,,,,,,,,,,,,,,,,,,,,,,,,,,,,,,,,,,,,,,,,,,,,,54.1,,,,35.7,24.3,57.7,,,,,,47.9,482.5,,,,,,,,,,,,,,,,0,,,,,,,,,,,,,,,,,,,,,,,,,4.6,,8.1,,,,,,,,,,,,,,,,,,,,,,,,,,104956,
[4495],CONVERGENT MARGIN,MEXICAN VOLCANIC BELTS / TRANS MEXICAN VOLCANIC BELT / MEXICO / PACIFIC OCEAN,PULPITO DEL DIABLO,19.168,19.168,-98.77,-98.77,SUBAERIAL,,,s MX0058 [4495],DACITE [4495],,,MIDDLE [4495],MIOCENE [4495],,,,,VOLCANIC ROCK,,,,,WHOLE_ROCK [4495] ,310610.55750000005,3476.1719999999996,,89866.81980000001,,,,27905.07,29302.699999999997,8201.344000000001,542.1206000000001,,14693.655,35386.57889999999,610.9894,,,,,,,,,,,,,,,,,,,,,,,,,,,,,,,,,,,,,,,,,,,,,,,35.2,,,,27.3,9,50.2,,,,,,50.8,501.7,,,,,,,,,,,,,,,,0,,,,,,,,,,,,,,,,,,,,,,,,,1.7,,7.8,,,,,,,,,,,,,,,,,,,,,,,,,,104957,
[4495],CONVERGENT MARGIN,MEXICAN VOLCANIC BELTS / TRANS MEXICAN VOLCANIC BELT / MEXICO / PACIFIC OCEAN,PETLACALCO DOME,19.232,19.232,-99.185,-99.185,SUBAERIAL,,,s MX0054 [4495],DACITE [4495],,,,MIOCENE [4495],,,,,VOLCANIC ROCK,,,,,WHOLE_ROCK [4495] ,314022.83300000004,3116.5679999999998,,88067.36640000001,,,,25806.359999999997,27015.66,7839.5199999999995,542.1206000000001,,21085.81,32567.522299999997,480.0631,,,,,,,,,,,,,,,,,,,,,,,,,,,,,,,,,,,,,,,,,,,,,,,26.7,,,,26.5,7.9,51,,,,,,53.3,466.7,,,,,,,,,,,,,,,,0,,,,,,,,,,,,,,,,,,,,,,,,,4.9,,8.9,,,,,,,,,,,,,,,,,,,,,,,,,,104958,
[4495],CONVERGENT MARGIN,MEXICAN VOLCANIC BELTS / TRANS MEXICAN VOLCANIC BELT / MEXICO / PACIFIC OCEAN,RIOLITE DE LA LUMBR 9,19,19,-99,-99,SUBAERIAL,,,s MX0056 [4495],RHYOLITE [4495],,,MIDDLE [4495],MIOCENE [4495],,,,,VOLCANIC ROCK,,,,,WHOLE_ROCK [4495] ,348192.33150000003,539.406,,75206.56710000001,,,,14768.699999999999,8290.519999999999,844.2560000000001,232.3374,,28723.19,31825.6653,218.21050000000002,,,,,,,,,,,,,,,,,,,,,,,,,,,,,,,,,,,,,,,,,,,,,,,21,,,,24,4.4,24,,,,,,113.8,121.1,,,,,,,,,,,,,,,,0,,,,,,,,,,,,,,,,,,,,,,,,,8,,15,,,,,,,,,,,,,,,,,,,,,,,,,,104959,
[4495],CONVERGENT MARGIN,MEXICAN VOLCANIC BELTS / TRANS MEXICAN VOLCANIC BELT / MORELOS / CHICHINAUTZIN VOLCANIC FIELD - XITLE / PACIFIC OCEAN,,19,19,-99,-99,SUBAERIAL,,,s MX3284 [4495],"BASALT, OLIVINE [4495]",,,,,,,,,VOLCANIC ROCK,,,,,WHOLE_ROCK [4495] ,238485.33700000003,10608.318,,83039.4819,,,,69957,54888.96,51198.096,1084.2412000000002,,9712.755,26929.409099999997,436.42100000000005,,,,,,,,,,,,,,,,,,,,,,,,,,,,,,,,,,,,,,,,,,,,,,,288.7,,,,149.7,30.2,75.1,,,,,,18.9,536.3,,,,,,,,,,,,,,,,0,,,,,,,,,,,,,,,,,,,,,,,,,0,,0,,,,,,,,,,,,,,,,,,,,,,,,,,104960,
[4495],CONVERGENT MARGIN,MEXICAN VOLCANIC BELTS / TRANS MEXICAN VOLCANIC BELT / MORELOS / IZTACCIHUATL / PACIFIC OCEAN,PUEBLA TOLL ROAD,19,19,-98.6,-98.6,SUBAERIAL,,,s MX3275 [4495],DACITE [4495],,,,,,,,,VOLCANIC ROCK,,,,,WHOLE_ROCK [4495] ,300326.98750000005,4495.049999999999,,82827.78150000001,,,,35133.96,33376.49,20201.84,619.5664,,18678.375,28413.1231,654.6315,,,,,,,,,,,,,,,,,,,,,,,,,,,,,,,,,,,,,,,,,,,,,,,111.7,,,,37.8,9.8,60.8,,,,,,59.7,435.8,,,,,,,,,,,,,,,,0,,,,,,,,,,,,,,,,,,,,,,,,,0,,0,,,,,,,,,,,,,,,,,,,,,,,,,,104961,
[4495],CONVERGENT MARGIN,MEXICAN VOLCANIC BELTS / TRANS MEXICAN VOLCANIC BELT / MORELOS / IZTACCIHUATL / PACIFIC OCEAN,WESTERN RIM LLANO GRANDE,19.22,19.22,-98.68,-98.68,SUBAERIAL,,,s MX2017 [4495],ANDESITE [4495],,,,,,,,,VOLCANIC ROCK,,,,,WHOLE_ROCK [4495] ,280367.51300000004,5154.324,,87538.1154,,,,44694.75,44239.93,27317.712,851.9038,,14859.685,28413.1231,741.9157,,,,,,,,,,,,,,,,,,,,,,,,,,,,,,,,,,,,,,,,,,,,,,,118,,,,33.5,12.5,68.8,,,,,,44.8,485.4,,,,,,,,,,,,,,,,507.4,,,,,,,,,,,,,,,,,,,,,,,,,4.4,,8.7,,,,,,,,,,,,,,,,,,,,,,,,,,104962,
[4495],CONVERGENT MARGIN,MEXICAN VOLCANIC BELTS / TRANS MEXICAN VOLCANIC BELT / MEXICO / PACIFIC OCEAN,3 MILES SOUTH OF  TOLUCA ROAD AT FOOD OF SIERRA,19,19,-99,-99,SUBAERIAL,,,s MX0026 [4495],"ANDESITE, OLIVINE [4495]",,,,RECENT [4495],,,,,VOLCANIC ROCK,,,,,WHOLE_ROCK [4495] ,281395.87000000005,4854.654,,83939.2086,,,,42984.69,43024.939999999995,31116.863999999998,774.4580000000001,,13448.43,32196.5938,698.2736,,,,,,,,,,,,,,,,,,,,,,,,,,,,,,,,,,,,,,,,,,,,,,,181.1,,,,111.8,22.1,71.8,,,,,,29.2,474,,,,,,,,,,,,,,,,434,,,,,,,,,,,,,,,,,,,,,,,,,3.1,,6.7,,,,,,,,,,,,,,,,,,,,,,,,,,104963,
[4495],CONVERGENT MARGIN,MEXICAN VOLCANIC BELTS / TRANS MEXICAN VOLCANIC BELT / MORELOS / IZTACCIHUATL / PACIFIC OCEAN,WESTERN RIM LLANO GRANDE,19.22,19.22,-98.68,-98.68,SUBAERIAL,,,s MX0017 [4495],ANDESITE [4495],,,,,,,,,VOLCANIC ROCK,,,,,WHOLE_ROCK [4495] ,282190.5095,5094.389999999999,,87961.51620000001,,,,43606.530000000006,43167.88,26594.064,851.9038,,14610.64,28413.1231,741.9157,,,,,,,,,,,,,,,,,,,,,,,,,,,,,,,,,,,,,,,,,,,,,,,113.7,,,,30.9,12.4,67.9,,,,,,44.6,481.4,,,,,,,,,,,,,,,,436.4,,,,,,,,,,,,,,,,,,,,,,,,,2.7,,10.3,,,,,,,,,,,,,,,,,,,,,,,,,,104964,
[4495],CONVERGENT MARGIN,MEXICAN VOLCANIC BELTS / TRANS MEXICAN VOLCANIC BELT / MEXICO / PACIFIC OCEAN,DISSECTED CONE 0.5 KM NORTH OF TOLUCA,19,19,-99,-99,SUBAERIAL,,,s MX0028 [4495],ANDESITE [4495],,,,,,,,,VOLCANIC ROCK,,,,,WHOLE_ROCK [4495] ,286911.60300000006,4554.9839999999995,,85685.7369,,,,42051.93,45454.920000000006,22614.,774.4580000000001,,20255.66,24184.5382,654.6315,,,,,,,,,,,,,,,,,,,,,,,,,,,,,,,,,,,,,,,,,,,,,,,84.5,,,,18.5,17,61.5,,,,,,71.2,503.6,,,,,,,,,,,,,,,,494,,,,,,,,,,,,,,,,,,,,,,,,,3.9,,9.3,,,,,,,,,,,,,,,,,,,,,,,,,,104965,
[4495],CONVERGENT MARGIN,MEXICAN VOLCANIC BELTS / TRANS MEXICAN VOLCANIC BELT / MEXICO / POPOCATEPETL / PACIFIC OCEAN,FLOW SOUTH OF TIN HUT,19.03,19.03,-98.63,-98.63,SUBAERIAL,,,s MX0005 [4495],ANDESITE [4495],,,,,,,,,VOLCANIC ROCK,,,,,WHOLE_ROCK [4495] ,287799.7295,4854.654,,84203.83410000001,,,,42596.04,39880.26,21769.744,851.9038,,17184.105,33161.0079,741.9157,,,,,,,,,,,,,,,,,,,,,,,,,,,,,,,,,,,,,,,,,,,,,,,117.2,,,,52.9,21.1,72.7,,,,,,60.1,465.6,,,,,,,,,,,,,,,,489.7,,,,,,,,,,,,,,,,,,,,,,,,,3.9,,8.6,,,,,,,,,,,,,,,,,,,,,,,,,,104966,
[4495],CONVERGENT MARGIN,MEXICAN VOLCANIC BELTS / TRANS MEXICAN VOLCANIC BELT / MEXICO / PACIFIC OCEAN,TOP OF M13 COMPLEX,19.418,19.418,-99.36,-99.36,SUBAERIAL,,,s MX0014 [4495],ANDESITE [4495],,,,,,,,,VOLCANIC ROCK,,,,,WHOLE_ROCK [4495] ,287893.21650000004,5453.994,,86426.6883,,,,47182.11,39594.38,18754.543999999998,619.5664,,18097.27,25519.8808,872.8420000000001,,,,,,,,,,,,,,,,,,,,,,,,,,,,,,,,,,,,,,,,,,,,,,,180.5,,,,77.5,36.7,64.5,,,,,,43.9,665.8,,,,,,,,,,,,,,,,531.5,,,,,,,,,,,,,,,,,,,,,,,,,5.7,,7.4,,,,,,,,,,,,,,,,,,,,,,,,,,104967,
[4495],CONVERGENT MARGIN,MEXICAN VOLCANIC BELTS / TRANS MEXICAN VOLCANIC BELT / MEXICO / POPOCATEPETL / PACIFIC OCEAN,LAS CRUCES,19.03,19.03,-98.63,-98.63,SUBAERIAL,,,s MX0004 [4495],ANDESITE [4495],,,,,,,,,VOLCANIC ROCK,,,,,WHOLE_ROCK [4495] ,289202.0345,4854.654,,84733.08510000001,,,,40030.950000000004,38236.45,24242.207999999995,774.4580000000001,,17018.074999999997,31603.1082,1003.7683000000001,,,,,,,,,,,,,,,,,,,,,,,,,,,,,,,,,,,,,,,,,,,,,,,128.3,,,,64.9,16.1,72.3,,,,,,57.7,555.4,,,,,,,,,,,,,,,,562.6,,,,,,,,,,,,,,,,,,,,,,,,,4.2,,12.8,,,,,,,,,,,,,,,,,,,,,,,,,,104968,
[4495],CONVERGENT MARGIN,MEXICAN VOLCANIC BELTS / TRANS MEXICAN VOLCANIC BELT / MEXICO / POPOCATEPETL / PACIFIC OCEAN,FLOW SOUTH OF TIN HUT,19.03,19.03,-98.63,-98.63,SUBAERIAL,,,s MX0006 [4495],ANDESITE [4495],,,,RECENT [4495],,,,,VOLCANIC ROCK,,,,,WHOLE_ROCK [4495] ,291071.77450000006,4734.786,,87220.56480000001,,,,39797.76,37164.4,20382.751999999997,774.4580000000001,,16187.925,32790.079399999995,785.5577999999999,,,,,,,,,,,,,,,,,,,,,,,,,,,,,,,,,,,,,,,,,,,,,,,99.6,,,,50.5,19.7,71.1,,,,,,57.9,457.1,,,,,,,,,,,,,,,,490.1,,,,,,,,,,,,,,,,,,,,,,,,,3.6,,7.2,,,,,,,,,,,,,,,,,,,,,,,,,,104969,
[4495],CONVERGENT MARGIN,MEXICAN VOLCANIC BELTS / TRANS MEXICAN VOLCANIC BELT / MEXICO / POPOCATEPETL / PACIFIC OCEAN,NE OF TIN HUT,19.03,19.03,-98.63,-98.63,SUBAERIAL,,,s MX2008 [4495],ANDESITE [4495],,,,,,,,,VOLCANIC ROCK,,,,,WHOLE_ROCK [4495] ,292427.336,4674.852,,87538.1154,,,,38009.969999999994,38808.21,18332.415999999997,774.4580000000001,,16187.925,32493.3366,698.2736,,,,,,,,,,,,,,,,,,,,,,,,,,,,,,,,,,,,,,,,,,,,,,,97.9,,,,32.5,15.2,68.4,,,,,,46.9,491.3,,,,,,,,,,,,,,,,440.2,,,,,,,,,,,,,,,,,,,,,,,,,3.7,,8,,,,,,,,,,,,,,,,,,,,,,,,,,104970,
[4495],CONVERGENT MARGIN,MEXICAN VOLCANIC BELTS / TRANS MEXICAN VOLCANIC BELT / MEXICO / POPOCATEPETL / PACIFIC OCEAN,NE OF TIN HUT,19.03,19.03,-98.63,-98.63,SUBAERIAL,,,s MX0008 [4495],ANDESITE [4495],,,,,,,,,VOLCANIC ROCK,,,,,WHOLE_ROCK [4495] ,294998.2285,4554.9839999999995,,87061.7895,,,,37154.94,37235.87,18272.111999999997,697.0122,,15689.835,32493.3366,698.2736,,,,,,,,,,,,,,,,,,,,,,,,,,,,,,,,,,,,,,,,,,,,,,,92.3,,,,33.1,14.9,68.5,,,,,,46.3,484.4,,,,,,,,,,,,,,,,516.5,,,,,,,,,,,,,,,,,,,,,,,,,2.8,,10.2,,,,,,,,,,,,,,,,,,,,,,,,,,104971,
[4495],CONVERGENT MARGIN,MEXICAN VOLCANIC BELTS / TRANS MEXICAN VOLCANIC BELT / MEXICO / PACIFIC OCEAN,500 M EAST OF STA. CRUZ ACALPIXCA,19.25,19.25,-99.15,-99.15,SUBAERIAL,,,s MX0029 [4495],DACITE [4495],,,UPPER [4495],QUATERNARY [4495],,,,,VOLCANIC ROCK,,,,,WHOLE_ROCK [4495] ,295418.92000000004,4435.116,,83304.10740000001,,,,38865,36235.29,21769.744,774.4580000000001,,15440.79,32864.2651,785.5577999999999,,,,,,,,,,,,,,,,,,,,,,,,,,,,,,,,,,,,,,,,,,,,,,,113.7,,,,28.6,11.3,75.8,,,,,,51.4,440,,,,,,,,,,,,,,,,497,,,,,,,,,,,,,,,,,,,,,,,,,5.8,,9.9,,,,,,,,,,,,,,,,,,,,,,,,,,104972,
[4495],CONVERGENT MARGIN,MEXICAN VOLCANIC BELTS / TRANS MEXICAN VOLCANIC BELT / MEXICO / POPOCATEPETL / PACIFIC OCEAN,NE OF TIN HUT,19.03,19.03,-98.63,-98.63,SUBAERIAL,,,s MX0007 [4495],DACITE [4495],,,,,,,,,VOLCANIC ROCK,,,,,WHOLE_ROCK [4495] ,295372.1765,4255.313999999999,,81928.05480000001,,,,37465.86,35877.939999999995,22493.392,697.0122,,18927.42,32196.5938,698.2736,,,,,,,,,,,,,,,,,,,,,,,,,,,,,,,,,,,,,,,,,,,,,,,126,,,,68.3,91,59.8,,,,,,69,423.2,,,,,,,,,,,,,,,,513.7,,,,,,,,,,,,,,,,,,,,,,,,,5.9,,9.9,,,,,,,,,,,,,,,,,,,,,,,,,,104973,
[4495],CONVERGENT MARGIN,MEXICAN VOLCANIC BELTS / TRANS MEXICAN VOLCANIC BELT / MEXICO / POPOCATEPETL / PACIFIC OCEAN,SUMMIT,19.023,19.023,-98.63,-98.63,SUBAERIAL,,,s MX0002 [4495],ANDESITE [4495],,,,,,,,,VOLCANIC ROCK,,,,,WHOLE_ROCK [4495] ,298130.043,4554.9839999999995,,85103.56079999999,,,,37154.94,35877.939999999995,17608.768,697.0122,,16104.91,31677.293899999997,785.5577999999999,,,,,,,,,,,,,,,,,,,,,,,,,,,,,,,,,,,,,,,,,,,,,,,89.4,,,,24.7,8.6,71.3,,,,,,53.2,466.3,,,,,,,,,,,,,,,,518,,,,,,,,,,,,,,,,,,,,,,,,,5.4,,10.1,,,,,,,,,,,,,,,,,,,,,,,,,,104974,
[4495],CONVERGENT MARGIN,MEXICAN VOLCANIC BELTS / TRANS MEXICAN VOLCANIC BELT / MEXICO / PACIFIC OCEAN,"RIO FRIO, SOUTH OF PUEBLA HIGHWAY",19.32,19.32,-98.823,-98.823,SUBAERIAL,,,s MX0018 [4495],ANDESITE [4495],,,,,,,,,VOLCANIC ROCK,,,,,WHOLE_ROCK [4495] ,298317.01700000005,4495.049999999999,,85632.8118,,,,35522.61,34377.07,19236.976,697.0122,,17599.18,30787.0655,785.5577999999999,,,,,,,,,,,,,,,,,,,,,,,,,,,,,,,,,,,,,,,,,,,,,,,107.2,,,,37.2,10.1,64.7,,,,,,57.6,430.4,,,,,,,,,,,,,,,,612.4,,,,,,,,,,,,,,,,,,,,,,,,,5.7,,10.8,,,,,,,,,,,,,,,,,,,,,,,,,,104975,
[4495],CONVERGENT MARGIN,MEXICAN VOLCANIC BELTS / TRANS MEXICAN VOLCANIC BELT / MEXICO / PACIFIC OCEAN,"LA MARQUEZA, HIGHWAY TO TOLUCA",19.308,19.308,-99.365,-99.365,SUBAERIAL,,,s MX0022 [4495],ANDESITE [4495],,,,,,,,,VOLCANIC ROCK,,,,,WHOLE_ROCK [4495] ,299579.09150000004,4075.512,,84256.7592,,,,34356.659999999996,34662.95,20020.927999999996,619.5664,,15689.835,32419.1509,698.2736,,,,,,,,,,,,,,,,,,,,,,,,,,,,,,,,,,,,,,,,,,,,,,,101.2,,,,37.6,18.4,55.7,,,,,,45.7,487.1,,,,,,,,,,,,,,,,434.5,,,,,,,,,,,,,,,,,,,,,,,,,3,,7.3,,,,,,,,,,,,,,,,,,,,,,,,,,104976,
[4495],CONVERGENT MARGIN,MEXICAN VOLCANIC BELTS / TRANS MEXICAN VOLCANIC BELT / MEXICO / PACIFIC OCEAN,EASTERNMOST DOME OF PINO RANGE,19.36,19.36,-98.893,-98.893,SUBAERIAL,,,s MX0015 [4495],ANDESITE [4495],,,UPPER [4495],QUATERNARY [4495],,,,,VOLCANIC ROCK,,,,,WHOLE_ROCK [4495] ,300046.52650000004,4315.248,,86426.6883,,,,32646.600000000002,36807.05,14955.392,619.5664,,21500.885,29080.7944,610.9894,,,,,,,,,,,,,,,,,,,,,,,,,,,,,,,,,,,,,,,,,,,,,,,56.5,,,,14.8,7.3,66,,,,,,51.7,448.2,,,,,,,,,,,,,,,,715.9,,,,,,,,,,,,,,,,,,,,,,,,,3.1,,10.7,,,,,,,,,,,,,,,,,,,,,,,,,,104977,
[4495],CONVERGENT MARGIN,MEXICAN VOLCANIC BELTS / TRANS MEXICAN VOLCANIC BELT / MEXICO / POPOCATEPETL / PACIFIC OCEAN,SUMMIT,19.023,19.023,-98.63,-98.63,SUBAERIAL,,,s MX0003 [4495],ANDESITE [4495],,,,,,,,,VOLCANIC ROCK,,,,,WHOLE_ROCK [4495] ,301635.8055,4435.116,,84997.71059999999,,,,35289.42,33305.020000000004,17427.856,697.0122,,15606.82,32048.222400000002,785.5577999999999,,,,,,,,,,,,,,,,,,,,,,,,,,,,,,,,,,,,,,,,,,,,,,,105.1,,,,25.7,14.7,73.3,,,,,,53.4,453.5,,,,,,,,,,,,,,,,515.4,,,,,,,,,,,,,,,,,,,,,,,,,5.3,,9.6,,,,,,,,,,,,,,,,,,,,,,,,,,104978,
[4495],CONVERGENT MARGIN,MEXICAN VOLCANIC BELTS / TRANS MEXICAN VOLCANIC BELT / MEXICO / PACIFIC OCEAN,"DISSEMINATED CONES, GUADY ROAD",19,19,-99,-99,SUBAERIAL,,,s MX0009 [4495],DACITE [4495],,,,,,,,,VOLCANIC ROCK,,,,,WHOLE_ROCK [4495] ,304113.211,4015.578,,96059.05649999999,,,,30314.7,31375.329999999998,10131.071999999998,774.4580000000001,,16519.985,26632.666299999997,392.77889999999996,,,,,,,,,,,,,,,,,,,,,,,,,,,,,,,,,,,,,,,,,,,,,,,50.3,,,,7.7,5,61.5,,,,,,37.4,468.5,,,,,,,,,,,,,,,,566.6,,,,,,,,,,,,,,,,,,,,,,,,,5.6,,10.5,,,,,,,,,,,,,,,,,,,,,,,,,,104979,
[4495],CONVERGENT MARGIN,MEXICAN VOLCANIC BELTS / TRANS MEXICAN VOLCANIC BELT / MEXICO / PACIFIC OCEAN,"LAHAR, ROAD CUT WEST OF SALAZAR, TOLUCA ROAD",19,19,-99,-99,SUBAERIAL,,,s MX0024 [4495],DACITE [4495],,,,,,,,,VOLCANIC ROCK,,,,,WHOLE_ROCK [4495] ,304814.3635,3835.776,,84097.9839,,,,31247.459999999995,32590.319999999996,13508.096000000001,542.1206000000001,,19176.465,34496.3505,698.2736,,,,,,,,,,,,,,,,,,,,,,,,,,,,,,,,,,,,,,,,,,,,,,,67.9,,,,40.3,19.9,54.5,,,,,,56.7,464.8,,,,,,,,,,,,,,,,494.8,,,,,,,,,,,,,,,,,,,,,,,,,4.5,,14.8,,,,,,,,,,,,,,,,,,,,,,,,,,104980,
[4495],CONVERGENT MARGIN,MEXICAN VOLCANIC BELTS / TRANS MEXICAN VOLCANIC BELT / MEXICO / PACIFIC OCEAN,"ROAD CUT, SIERRA DE LAS CRUCES",19,19,-99,-99,SUBAERIAL,,,s MX0025 [4495],DACITE [4495],,,,,,,,,VOLCANIC ROCK,,,,,WHOLE_ROCK [4495] ,308366.86950000003,3715.908,,83515.8078,,,,29848.32,31375.329999999998,10794.416,619.5664,,20338.675000000003,34718.9076,698.2736,,,,,,,,,,,,,,,,,,,,,,,,,,,,,,,,,,,,,,,,,,,,,,,44.6,,,,17.2,12,45.5,,,,,,61.5,458.2,,,,,,,,,,,,,,,,524.6,,,,,,,,,,,,,,,,,,,,,,,,,6.5,,11.8,,,,,,,,,,,,,,,,,,,,,,,,,,104981,
[4495],CONVERGENT MARGIN,MEXICAN VOLCANIC BELTS / TRANS MEXICAN VOLCANIC BELT / MEXICO / PACIFIC OCEAN,"LAHAR, SAN MIGUEL SAND MINE, STA. FE, TOLUCA ROAD",19,19,-99,-99,SUBAERIAL,,,s MX0012 [4495],DACITE [4495],,,,,,,,,VOLCANIC ROCK,,,,,WHOLE_ROCK [4495] ,308740.8175,3655.9739999999997,,84150.909,,,,30703.350000000002,31947.089999999997,10251.679999999998,619.5664,,18429.33,34125.422,610.9894,,,,,,,,,,,,,,,,,,,,,,,,,,,,,,,,,,,,,,,,,,,,,,,37.9,,,,10,9.7,57,,,,,,48.3,488.7,,,,,,,,,,,,,,,,555.3,,,,,,,,,,,,,,,,,,,,,,,,,5.1,,8.1,,,,,,,,,,,,,,,,,,,,,,,,,,104982,
[4495],CONVERGENT MARGIN,MEXICAN VOLCANIC BELTS / TRANS MEXICAN VOLCANIC BELT / MEXICO / PACIFIC OCEAN,"SAND MINES, STA. FE, BELOW BLUE SANDS",19.387,19.387,-99.25,-99.25,SUBAERIAL,,,s MX0016 [4495],ANDESITE [4495],,,UPPER [4495],PLIOCENE [4495],,,,,VOLCANIC ROCK,,,,,WHOLE_ROCK [4495] ,310423.5835,3476.1719999999996,,86955.9393,,,,27594.149999999998,30303.280000000002,11940.192,542.1206000000001,,16852.045,32419.1509,610.9894,,,,,,,,,,,,,,,,,,,,,,,,,,,,,,,,,,,,,,,,,,,,,,,50.1,,,,14.3,5.2,50.5,,,,,,45.3,584.6,,,,,,,,,,,,,,,,438.2,,,,,,,,,,,,,,,,,,,,,,,,,1.7,,9.1,,,,,,,,,,,,,,,,,,,,,,,,,,104983,
[4495],CONVERGENT MARGIN,MEXICAN VOLCANIC BELTS / TRANS MEXICAN VOLCANIC BELT / MEXICO / PACIFIC OCEAN,SAN FRANCISCO CHIMALPA,19.443,19.443,-99.345,-99.345,SUBAERIAL,,,s MX0013 [4495],DACITE [4495],,,,,,,,,VOLCANIC ROCK,,,,,WHOLE_ROCK [4495] ,311498.684,3356.304,,84362.6094,,,,29381.94,30660.63,9588.336,619.5664,,18678.375,33457.7507,523.7052,,,,,,,,,,,,,,,,,,,,,,,,,,,,,,,,,,,,,,,,,,,,,,,65.6,,,,20.8,12.5,50.5,,,,,,53.1,489.3,,,,,,,,,,,,,,,,510.3,,,,,,,,,,,,,,,,,,,,,,,,,3.2,,8.1,,,,,,,,,,,,,,,,,,,,,,,,,,104984,
[4495],CONVERGENT MARGIN,MEXICAN VOLCANIC BELTS / TRANS MEXICAN VOLCANIC BELT / MEXICO / PACIFIC OCEAN,"NEW TELAPON, N PUEBLA HIGHWAY",19.335,19.335,-98.715,-98.715,SUBAERIAL,,,s MX0019 [4495],RHYODACITE [4495],,,UPPER [4495],PLIOCENE [4495],,,,,VOLCANIC ROCK,,,,,WHOLE_ROCK [4495] ,321828.9975,3236.436,,78223.2978,,,,25573.170000000002,24871.56,8864.688,542.1206000000001,,27727.01,29674.28,392.77889999999996,,,,,,,,,,,,,,,,,,,,,,,,,,,,,,,,,,,,,,,,,,,,,,,47.4,,,,10.3,6.9,52.3,,,,,,103.7,291.4,,,,,,,,,,,,,,,,730.7,,,,,,,,,,,,,,,,,,,,,,,,,9.2,,17,,,,,,,,,,,,,,,,,,,,,,,,,,104985,
[4495],CONVERGENT MARGIN,MEXICAN VOLCANIC BELTS / TRANS MEXICAN VOLCANIC BELT / MEXICO / PACIFIC OCEAN,"TLLOC CONE, NUEE ARDDENTE, RIO FRIO",19.33,19.33,-99.67,-99.67,SUBAERIAL,,,s MX0020 [4495],RHYOLITE [4495],,,,,,,,,VOLCANIC ROCK,,,,,WHOLE_ROCK [4495] ,352118.7855,359.604,,74359.76550000001,,,,7695.2699999999995,4002.32,723.6479999999999,619.5664,,38103.885,31083.8083,43.6421,,,,,,,,,,,,,,,,,,,,,,,,,,,,,,,,,,,,,,,,,,,,,,,22.7,,,,7.5,2.2,39.7,,,,,,224,17.2,,,,,,,,,,,,,,,,85.5,,,,,,,,,,,,,,,,,,,,,,,,,11.1,,27.2,,,,,,,,,,,,,,,,,,,,,,,,,,104986,
[4495],CONVERGENT MARGIN,MEXICAN VOLCANIC BELTS / TRANS MEXICAN VOLCANIC BELT / MEXICO / PACIFIC OCEAN,"PENON MARQUEZ, NEW COMPLEX",19.38,19.38,-99.015,-99.015,SUBAERIAL,,,s MX0031 [4495],ANDESITE [4495],,,LOWER [4495],QUATERNARY [4495],,,,,VOLCANIC ROCK,,,,,WHOLE_ROCK [4495] ,250825.621,8390.759999999998,,85897.4373,,,,61950.81,58462.46,36483.92,1161.687,,10376.875,28784.0516,2007.5366000000001,,,,,,,,,,,,,,,,,,,,,,,,,,,,,,,,,,,,,,,,,,,,,,,164.2,,,,79.4,24.2,86.8,,,,,,24,523.8,,,,,,,,,,,,,,,,0,,,,,,,,,,,,,,,,,,,,,,,,,2.7,,6.6,,,,,,,,,,,,,,,,,,,,,,,,,,104987,
[4495],CONVERGENT MARGIN,MEXICAN VOLCANIC BELTS / TRANS MEXICAN VOLCANIC BELT / MEXICO / PACIFIC OCEAN,"PENON MARQUEZ, OLD COMPLEX",19.368,19.368,-99.048,-99.048,SUBAERIAL,,,s MX0030 [4495],ANDESITE [4495],,,,PLIOCENE [4495],,,,,VOLCANIC ROCK,,,,,WHOLE_ROCK [4495] ,252461.6435,8570.562,,86638.38870000001,,,,61795.35,55746.6,34493.888,1084.2412000000002,,11456.07,28784.0516,2269.3892,,,,,,,,,,,,,,,,,,,,,,,,,,,,,,,,,,,,,,,,,,,,,,,199.7,,,,80.9,24.5,87.2,,,,,,22.7,552.6,,,,,,,,,,,,,,,,0,,,,,,,,,,,,,,,,,,,,,,,,,3.5,,4.8,,,,,,,,,,,,,,,,,,,,,,,,,,104988,
[4495],CONVERGENT MARGIN,MEXICAN VOLCANIC BELTS / TRANS MEXICAN VOLCANIC BELT / MEXICO / PACIFIC OCEAN,,19.232,19.232,-99.162,-99.162,SUBAERIAL,,,s MX0055 [4495],ANDESITE [4495],,,UPPER [4495],QUATERNARY [4495],,,,,VOLCANIC ROCK,,,,,WHOLE_ROCK [4495] ,257463.198,10008.978,,89760.96960000001,,,,56043.33,55675.13,31297.776,1161.687,,11622.099999999999,29525.9086,2356.6734,,,,,,,,,,,,,,,,,,,,,,,,,,,,,,,,,,,,,,,,,,,,,,,122.1,,,,44.8,18.5,74,,,,,,25.6,424.6,,,,,,,,,,,,,,,,0,,,,,,,,,,,,,,,,,,,,,,,,,2.4,,2.5,,,,,,,,,,,,,,,,,,,,,,,,,,104989,
[4495],CONVERGENT MARGIN,MEXICAN VOLCANIC BELTS / TRANS MEXICAN VOLCANIC BELT / MEXICO / PACIFIC OCEAN,S SAN NICOLAS RANGES,19.303,19.303,-99.05,-99.05,SUBAERIAL,,,s MX0064 [4495],ANDESITE [4495],,,UPPER [4495],QUATERNARY [4495],,,,,VOLCANIC ROCK,,,,,WHOLE_ROCK [4495] ,258070.86350000004,7731.486,,90290.2206,,,,56198.79,57962.17,31478.688,1084.2412000000002,,9297.68,28413.1231,2487.5996999999998,,,,,,,,,,,,,,,,,,,,,,,,,,,,,,,,,,,,,,,,,,,,,,,139.8,,,,66.4,26.1,84.9,,,,,,37.9,552.3,,,,,,,,,,,,,,,,0,,,,,,,,,,,,,,,,,,,,,,,,,3.7,,9.9,,,,,,,,,,,,,,,,,,,,,,,,,,104990,
[4495],CONVERGENT MARGIN,MEXICAN VOLCANIC BELTS / TRANS MEXICAN VOLCANIC BELT / MEXICO / PACIFIC OCEAN,COCOTITLAN RANGE,19.232,19.232,-99.868,-99.868,SUBAERIAL,,,s MX0060 [4495],ANDESITE [4495],,,LOWER [4495],QUATERNARY [4495],,,,,VOLCANIC ROCK,,,,,WHOLE_ROCK [4495] ,258117.60700000002,8210.958,,84415.5345,,,,57753.39,55103.37,35096.928,929.3496,,14444.61,29674.28,1614.7576999999999,,,,,,,,,,,,,,,,,,,,,,,,,,,,,,,,,,,,,,,,,,,,,,,160.5,,,,62.7,18.3,0,,,,,,0,0,,,,,,,,,,,,,,,,0,,,,,,,,,,,,,,,,,,,,,,,,,3,,6.3,,,,,,,,,,,,,,,,,,,,,,,,,,104991,
[4495],CONVERGENT MARGIN,MEXICAN VOLCANIC BELTS / TRANS MEXICAN VOLCANIC BELT / MEXICO / PACIFIC OCEAN,NE FOOT OF TEUTLI,19.243,19.243,-99.013,-99.013,SUBAERIAL,,,s MX0034 [4495],ANDESITE [4495],,,UPPER [4495],QUATERNARY [4495],,,,,VOLCANIC ROCK,,,,,WHOLE_ROCK [4495] ,259800.37300000002,7791.42,,91507.4979,,,,56198.79,58676.87,31538.992000000002,1084.2412000000002,,8716.575,27077.780499999997,785.5577999999999,,,,,,,,,,,,,,,,,,,,,,,,,,,,,,,,,,,,,,,,,,,,,,,130.3,,,,38.2,17.1,66.1,,,,,,29,379,,,,,,,,,,,,,,,,0,,,,,,,,,,,,,,,,,,,,,,,,,0.1,,6.1,,,,,,,,,,,,,,,,,,,,,,,,,,104992,
[4495],CONVERGENT MARGIN,MEXICAN VOLCANIC BELTS / TRANS MEXICAN VOLCANIC BELT / MORELOS / IZTACCIHUATL / PACIFIC OCEAN,ALTZOMONI,19.013,19.013,-98.652,-98.652,SUBAERIAL,,,s MX0045 [4495],ANDESITE [4495],,,,,,,,,VOLCANIC ROCK,,,,,WHOLE_ROCK [4495] ,259660.14250000002,5034.455999999999,,89072.9433,,,,52079.1,53030.74,44263.136,1006.7954,,8965.62,27968.0089,698.2736,,,,,,,,,,,,,,,,,,,,,,,,,,,,,,,,,,,,,,,,,,,,,,,291.4,,,,119.2,39,71.8,,,,,,23.1,425.6,,,,,,,,,,,,,,,,0,,,,,,,,,,,,,,,,,,,,,,,,,2.1,,8.6,,,,,,,,,,,,,,,,,,,,,,,,,,104993,
[4495],CONVERGENT MARGIN,MEXICAN VOLCANIC BELTS / TRANS MEXICAN VOLCANIC BELT / MEXICO / PACIFIC OCEAN,SPRINGS OF SAN LUIS,19.255,19.255,-99.032,-99.032,SUBAERIAL,,,s MX0066 [4495],ANDESITE [4495],,,UPPER [4495],QUATERNARY [4495],,,,,VOLCANIC ROCK,,,,,WHOLE_ROCK [4495] ,264848.67100000003,7851.354,,90237.29550000001,,,,47493.030000000006,59105.689999999995,32925.984,1084.2412000000002,,9214.665,27151.9662,872.8420000000001,,,,,,,,,,,,,,,,,,,,,,,,,,,,,,,,,,,,,,,,,,,,,,,134.4,,,,37.4,14.8,63.4,,,,,,25.9,330.9,,,,,,,,,,,,,,,,0,,,,,,,,,,,,,,,,,,,,,,,,,0.9,,5.9,,,,,,,,,,,,,,,,,,,,,,,,,,104994,
[4495],CONVERGENT MARGIN,MEXICAN VOLCANIC BELTS / TRANS MEXICAN VOLCANIC BELT / MEXICO / PACIFIC OCEAN,COCOTITLAN RANGE,19.232,19.232,-99.868,-99.868,SUBAERIAL,,,s MX0060 [4495],ANDESITE [4495],,,LOWER [4495],QUATERNARY [4495],,,,,VOLCANIC ROCK,,,,,WHOLE_ROCK [4495] ,266998.87200000003,7851.354,,88331.99190000001,,,,52312.29,49242.829999999994,31116.863999999998,929.3496,,13033.355000000001,28487.3088,1527.4734999999998,,,,,,,,,,,,,,,,,,,,,,,,,,,,,,,,,,,,,,,,,,,,,,,161.6,,,,66.5,25.5,73.7,,,,,,34.5,452.7,,,,,,,,,,,,,,,,0,,,,,,,,,,,,,,,,,,,,,,,,,2.8,,3.8,,,,,,,,,,,,,,,,,,,,,,,,,,104995,
[4495],CONVERGENT MARGIN,MEXICAN VOLCANIC BELTS / TRANS MEXICAN VOLCANIC BELT / MEXICO / PACIFIC OCEAN,STA. CATERINA,19.337,19.337,-98.982,-98.982,SUBAERIAL,,,s MX0041 [4495],ANDESITE [4495],,,,,,,,,VOLCANIC ROCK,,,,,WHOLE_ROCK [4495] ,269336.047,8270.891999999998,,87961.51620000001,,,,46482.54,48885.479999999996,27920.751999999997,1084.2412000000002,,15108.730000000001,32122.4081,2618.526,,,,,,,,,,,,,,,,,,,,,,,,,,,,,,,,,,,,,,,,,,,,,,,107.8,,,,51.8,21.3,81.7,,,,,,38.6,497.5,,,,,,,,,,,,,,,,0,,,,,,,,,,,,,,,,,,,,,,,,,3.2,,12,,,,,,,,,,,,,,,,,,,,,,,,,,104996,
[4495],CONVERGENT MARGIN,MEXICAN VOLCANIC BELTS / TRANS MEXICAN VOLCANIC BELT / MEXICO / PACIFIC OCEAN,TENAYO,19.213,19.213,-98.833,-98.833,SUBAERIAL,,,s MX0059 [4495],ANDESITE [4495],,,UPPER [4495],QUATERNARY [4495],,,,,VOLCANIC ROCK,,,,,WHOLE_ROCK [4495] ,270270.917,7491.75,,81240.0285,,,,51224.07,46384.03,35519.056,851.9038,,14942.7,30045.208499999997,2007.5366000000001,,,,,,,,,,,,,,,,,,,,,,,,,,,,,,,,,,,,,,,,,,,,,,,195.8,,,,105.9,31.9,0,,,,,,0,0,,,,,,,,,,,,,,,,0,,,,,,,,,,,,,,,,,,,,,,,,,4.3,,8.8,,,,,,,,,,,,,,,,,,,,,,,,,,104997,
[4495],CONVERGENT MARGIN,MEXICAN VOLCANIC BELTS / TRANS MEXICAN VOLCANIC BELT / MEXICO / PACIFIC OCEAN,ESTRELLA RANGE,19.35,19.35,-99.088,-99.088,SUBAERIAL,,,s MX0040 [4495],ANDESITE [4495],,,LOWER [4495],QUATERNARY [4495],,,,,VOLCANIC ROCK,,,,,WHOLE_ROCK [4495] ,270925.326,7611.6179999999995,,85315.26120000001,,,,53478.24,45955.21,28161.967999999997,851.9038,,18180.285,28042.1946,1702.0419000000002,,,,,,,,,,,,,,,,,,,,,,,,,,,,,,,,,,,,,,,,,,,,,,,107.5,,,,47.9,17.6,0,,,,,,0,0,,,,,,,,,,,,,,,,0,,,,,,,,,,,,,,,,,,,,,,,,,4.2,,12.5,,,,,,,,,,,,,,,,,,,,,,,,,,104998,
[4495],CONVERGENT MARGIN,MEXICAN VOLCANIC BELTS / TRANS MEXICAN VOLCANIC BELT / MEXICO / PACIFIC OCEAN,"ROAD N OF COYOTOPEC, E OF CERRO PINA BLANCA",19,19,-99,-99,SUBAERIAL,,,s MX0010 [4495],ANDESITE [4495],,,,,,,,,VOLCANIC ROCK,,,,,WHOLE_ROCK [4495] ,275646.4195,5873.531999999999,,87643.9656,,,,46482.54,59034.22,18573.631999999998,851.9038,,16021.894999999999,26929.409099999997,654.6315,,,,,,,,,,,,,,,,,,,,,,,,,,,,,,,,,,,,,,,,,,,,,,,74.3,,,,21.4,20.2,73.4,,,,,,53.7,345.5,,,,,,,,,,,,,,,,447.7,,,,,,,,,,,,,,,,,,,,,,,,,5.7,,7.4,,,,,,,,,,,,,,,,,,,,,,,,,,104999,
[4495],CONVERGENT MARGIN,MEXICAN VOLCANIC BELTS / TRANS MEXICAN VOLCANIC BELT / MORELOS / IZTACCIHUATL / PACIFIC OCEAN,IMMEDIAELY NORTH OF ALTZOMONI,19.013,19.013,-98.652,-98.652,SUBAERIAL,,,s MX0048 [4495],ANDESITE [4495],,,,MIOCENE [4495],,,,,VOLCANIC ROCK,,,,,WHOLE_ROCK [4495] ,276628.033,4794.72,,86691.3138,,,,44850.21,42882,36725.136,774.4580000000001,,9546.724999999999,31009.622599999995,698.2736,,,,,,,,,,,,,,,,,,,,,,,,,,,,,,,,,,,,,,,,,,,,,,,252.4,,,,110.1,37.3,69.8,,,,,,27.5,375.8,,,,,,,,,,,,,,,,0,,,,,,,,,,,,,,,,,,,,,,,,,2.6,,6.6,,,,,,,,,,,,,,,,,,,,,,,,,,105000,
[4495],CONVERGENT MARGIN,MEXICAN VOLCANIC BELTS / TRANS MEXICAN VOLCANIC BELT / MEXICO / PACIFIC OCEAN,"FLOW OF RECENT CONE, 7 KM S OF AMOMOLUCA",19,19,-99,-99,SUBAERIAL,,,s MX0027 [4495],ANDESITE [4495],,,,RECENT [4495],,,,,VOLCANIC ROCK,,,,,WHOLE_ROCK [4495] ,280694.7175,4914.588,,84362.6094,,,,44306.1,43596.7,31418.384,851.9038,,13448.43,30712.879799999995,654.6315,,,,,,,,,,,,,,,,,,,,,,,,,,,,,,,,,,,,,,,,,,,,,,,214.5,,,,115.7,27.4,74.6,,,,,,30.6,470.4,,,,,,,,,,,,,,,,425.8,,,,,,,,,,,,,,,,,,,,,,,,,4.5,,7,,,,,,,,,,,,,,,,,,,,,,,,,,105001,
[4495],CONVERGENT MARGIN,MEXICAN VOLCANIC BELTS / TRANS MEXICAN VOLCANIC BELT / MEXICO / PACIFIC OCEAN,BASE OF CO. PATLACATE,19,19,-99,-99,SUBAERIAL,,,s MX0039 [4495],ANDESITE [4495],,,MIDDLE [4495],MIOCENE [4495],,,,,VOLCANIC ROCK,,,,,WHOLE_ROCK [4495] ,280507.74350000004,5154.324,,87643.9656,,,,42285.12,48956.95,25568.896,619.5664,,14527.625,28116.3803,654.6315,,,,,,,,,,,,,,,,,,,,,,,,,,,,,,,,,,,,,,,,,,,,,,,74.3,,,,39.6,16.8,0,,,,,,0,0,,,,,,,,,,,,,,,,0,,,,,,,,,,,,,,,,,,,,,,,,,3.2,,5.6,,,,,,,,,,,,,,,,,,,,,,,,,,105002,
[4495],CONVERGENT MARGIN,MEXICAN VOLCANIC BELTS / TRANS MEXICAN VOLCANIC BELT / MICHOACAN / MICHOACAN-GUANAJUATO VOLCANIC FIELD - PARICUTIN / PACIFIC OCEAN,NEAR SAN JUAN CHURCH,19.5,19.5,-102.25,-102.25,SUBAERIAL,,,s MX1050 [4495],ANDESITE [4495],,,,,,,,,VOLCANIC ROCK,,,,,WHOLE_ROCK [4495] ,259426.42500000002,6317.0436,,92089.674,,,,55965.6,49771.708000000006,33046.592000000004,937.0941799999999,,10036.513500000001,30193.5799,872.8420000000001,,,,,,,,,,,,,,,,,,,,,,,,,,,,,,,,,,,,,,,,,,,,,,,149.5,,,,0,35.6,81.6,,,,,,14.4,585.4,,,,,,,,,,,,,,,,415.3,,,,,,,,,,,,,,,,,,,,,,,,,,,,,,,,,,,,,,,,,,,,,,,,,,,,,105022,
[4773],CONVERGENT MARGIN,MEXICAN VOLCANIC BELTS / TRANS MEXICAN VOLCANIC BELT / VERACRUZ / LOS HUMEROS CALDERA / TEZIUTLAN FORMATION / PACIFIC OCEAN,,19.5,19.83,-97.33,-97.58,SUBAERIAL,,,s LH2 [4773],ANDESITE [4773],,,,,,,,,VOLCANIC ROCK,,,,,WHOLE_ROCK [4773] ,284200.48,6173.202,,88914.168,,,,45238.86,30803.569999999996,12000.496,851.9038,,24738.47,38428.192599999995,1134.6946,,,,,,,,,,,,,,,,7900.,,,,,,,,,,,,,,,,,,,,,,,,,,,,,,,17,,,,8,,,,,,,,74,360,51,400,24,,,,,,,,,,,,,,,,,,,,,,,,,,,,,,,,,,,,,,,,,,,,,,,,,,,,,,,,,,,,,,,,,,105337,
[4773],CONVERGENT MARGIN,MEXICAN VOLCANIC BELTS / TRANS MEXICAN VOLCANIC BELT / VERACRUZ / LOS HUMEROS CALDERA / TEZIUTLAN FORMATION / PACIFIC OCEAN,,19.5,19.83,-97.33,-97.58,SUBAERIAL,,,s LH4 [4773],BASALT [4773],,,,,,,,,VOLCANIC ROCK,,,,,WHOLE_ROCK [4773] ,223433.93,14923.566,,90501.92100000002,,,,87057.59999999999,63322.42,35760.272,1316.5786,,7222.305,27522.894699999997,2225.7471,,,,,,,,,,,,,,,,14900.,,,,,,,,,,,,,,,,,,,,,,,,,,,,,,,50,,,,23,,,,,,,,9,496,31,190,13,,,,,,,,,,,,,,,,,,,,,,,,,,,,,,,,,,,,,,,,,,,,,,,,,,,,,,,,,,,,,,,,,,105338,
[4773],CONVERGENT MARGIN,MEXICAN VOLCANIC BELTS / TRANS MEXICAN VOLCANIC BELT / VERACRUZ / LOS HUMEROS CALDERA / TEZIUTLAN FORMATION / PACIFIC OCEAN,,19.5,19.83,-97.33,-97.58,SUBAERIAL,,,s LH1 [4773],BASALT [4773],,,,,,,,,VOLCANIC ROCK,,,,,WHOLE_ROCK [4773] ,221564.19,12945.744,,91560.42300000001,,,,88223.55,65609.45999999999,40524.28799999999,1394.0244,,5894.065,24036.1668,1571.1155999999999,,,,,,,,,,,,,,,,7500.,,,,,,,,,,,,,,,,,,,,,,,,,,,,,,,94,,,,51,,,,,,,,7,531,31,176,15,,,,,,,,,,,,,,,,,,,,,,,,,,,,,,,,,,,,,,,,,,,,,,,,,,,,,,,,,,,,,,,,,,105339,
[4773],CONVERGENT MARGIN,MEXICAN VOLCANIC BELTS / TRANS MEXICAN VOLCANIC BELT / VERACRUZ / LOS HUMEROS CALDERA / TEZIUTLAN FORMATION / PACIFIC OCEAN,,19.5,19.83,-97.33,-97.58,SUBAERIAL,,,s LH3 [4773],BASALT [4773],,,,,,,,,VOLCANIC ROCK,,,,,WHOLE_ROCK [4773] ,219694.45,16781.519999999997,,86797.16399999999,,,,95296.98,63465.36000000001,35277.84,1548.9160000000002,,7803.41,27522.894699999997,2269.3892,,,,,,,,,,,,,,,,6899.999999999999,,,,,,,,,,,,,,,,,,,,,,,,,,,,,,,49,,,,25,,,,,,,,11,475,34,210,13,,,,,,,,,,,,,,,,,,,,,,,,,,,,,,,,,,,,,,,,,,,,,,,,,,,,,,,,,,,,,,,,,,105340,
[4773],CONVERGENT MARGIN,MEXICAN VOLCANIC BELTS / TRANS MEXICAN VOLCANIC BELT / VERACRUZ / LOS HUMEROS CALDERA / TEZIUTLAN FORMATION / PACIFIC OCEAN,,19.5,19.83,-97.33,-97.58,SUBAERIAL,,,s LH5 [4773],RHYOLITE [4773],,,,,,,,,VOLCANIC ROCK,,,,,WHOLE_ROCK [4773] ,358055.21,539.406,,67214.877,,,,6762.51,3073.21,783.952,154.8916,,44662.07,26187.552099999997,0.,,,,,,,,,,,,,,,,35900.,,,,,,,,,,,,,,,,,,,,,,,,,,,,,,,0,,,,0,,,,,,,,118,31,27,124,11,,,,,,,,,,,,,,,,,,,,,,,,,,,,,,,,,,,,,,,,,,,,,,,,,,,,,,,,,,,,,,,,,,105341,
[4773],CONVERGENT MARGIN,MEXICAN VOLCANIC BELTS / TRANS MEXICAN VOLCANIC BELT / VERACRUZ / LOS HUMEROS CALDERA / TEZIUTLAN FORMATION / PACIFIC OCEAN,,19.5,19.83,-97.33,-97.58,SUBAERIAL,,,s LH6 [4773],RHYOLITE [4773],,,,,,,,,VOLCANIC ROCK,,,,,WHOLE_ROCK [4773] ,354315.73000000004,539.406,,75153.64199999999,,,,7073.43,2572.92,663.3439999999999,309.7832,,40179.26,25742.4379,0.,,,,,,,,,,,,,,,,47500.,,,,,,,,,,,,,,,,,,,,,,,,,,,,,,,0,,,,0,,,,,,,,125,24,33,111,16,,,,,,,,,,,,,,,,,,,,,,,,,,,,,,,,,,,,,,,,,,,,,,,,,,,,,,,,,,,,,,,,,,105342,
[4773],CONVERGENT MARGIN,MEXICAN VOLCANIC BELTS / TRANS MEXICAN VOLCANIC BELT / VERACRUZ / LOS HUMEROS CALDERA / XALTIPAN FORMATION / PACIFIC OCEAN,,19.5,19.83,-97.33,-97.58,SUBAERIAL,,,s LH7 [4773],NOT GIVEN [4773],,,,,,,,,VOLCANIC ROCK,,,,,WHOLE_ROCK [4773] ,359457.5150000001,299.67,,65627.12400000001,,,,8161.650000000001,2858.8,0.,154.8916,,42835.74,27003.5948,0.,,,,,,,,,,,,,,,,33900.,,,,,,,,,,,,,,,,,,,,,,,,,,,,,,,0,,,,0,,,,,,,,145,26,33,137,15,,,,,,,,,,,,,,,,,,,,,,,,,,,,,,,,,,,,,,,,,,,,,,,,,,,,,,,,,,,,,,,,,,105343,
[4773],CONVERGENT MARGIN,MEXICAN VOLCANIC BELTS / TRANS MEXICAN VOLCANIC BELT / VERACRUZ / LOS HUMEROS CALDERA / XALTIPAN FORMATION / PACIFIC OCEAN,,19.5,19.83,-97.33,-97.58,SUBAERIAL,,,s LH13 [4773],NOT GIVEN [4773],,,,,,,,,VOLCANIC ROCK,,,,,WHOLE_ROCK [4773] ,340292.68,1318.548,,77270.64600000001,,,,13058.64,6217.89,1688.5120000000002,232.3374,,45243.175,27522.894699999997,0.,,,,,,,,,,,,,,,,37000.,,,,,,,,,,,,,,,,,,,,,,,,,,,,,,,0,,,,0,,,,,,,,132,67,25,228,17,,,,,,,,,,,,,,,,,,,,,,,,,,,,,,,,,,,,,,,,,,,,,,,,,,,,,,,,,,,,,,,,,,105345,
[4773],CONVERGENT MARGIN,MEXICAN VOLCANIC BELTS / TRANS MEXICAN VOLCANIC BELT / VERACRUZ / LOS HUMEROS CALDERA / XALTIPAN FORMATION / PACIFIC OCEAN,,19.5,19.83,-97.33,-97.58,SUBAERIAL,,,s LH14 [4773],NOT GIVEN [4773],,,,,,,,,VOLCANIC ROCK,,,,,WHOLE_ROCK [4773] ,338422.94000000006,1558.2839999999999,,77270.64600000001,,,,12359.070000000002,6146.42,1748.8159999999998,232.3374,,45492.22,30861.2512,261.8526,,,,,,,,,,,,,,,,30099.999999999996,,,,,,,,,,,,,,,,,,,,,,,,,,,,,,,0,,,,0,,,,,,,,129,60,25,216,14,,,,,,,,,,,,,,,,,,,,,,,,,,,,,,,,,,,,,,,,,,,,,,,,,,,,,,,,,,,,,,,,,,105346,
[4773],CONVERGENT MARGIN,MEXICAN VOLCANIC BELTS / TRANS MEXICAN VOLCANIC BELT / VERACRUZ / LOS HUMEROS CALDERA / XALTIPAN FORMATION / PACIFIC OCEAN,,19.5,19.83,-97.33,-97.58,SUBAERIAL,,,s LH19 [4773],NOT GIVEN [4773],,,,,,,,,VOLCANIC ROCK,,,,,WHOLE_ROCK [4773] ,324399.8900000001,3056.634,,80446.152,,,,21997.59,15366.05,5427.36,464.6748,,35447.405,30638.694099999997,567.3473,,,,,,,,,,,,,,,,44100.,,,,,,,,,,,,,,,,,,,,,,,,,,,,,,38,5,,,,0,,,,,,,,120,154,28,257,15,,,,,,,,,,,,,733,,,,,,,,,,,,,,,,,,,,,,,,,,,,,,,,,,,,,,,,,,,,,,,,,,,,,105348,
[4773],CONVERGENT MARGIN,MEXICAN VOLCANIC BELTS / TRANS MEXICAN VOLCANIC BELT / VERACRUZ / LOS HUMEROS CALDERA / XALTIPAN FORMATION / PACIFIC OCEAN,,19.5,19.83,-97.33,-97.58,SUBAERIAL,,,s LH20 [4773],NOT GIVEN [4773],,,,,,,,,VOLCANIC ROCK,,,,,WHOLE_ROCK [4773] ,310376.84,4554.9839999999995,,85209.41100000001,,,,29926.05,18939.55,6392.224,619.5664,,32209.82,33383.565,916.4841,,,,,,,,,,,,,,,,39900.,,,,,,,,,,,,,,,,,,,,,,,,,,,,,,35,0,,,,0,,,,,,,,96,225,30,320,15,,,,,,,,,,,,,851,,,,,,,,,,,,,,,,,,,,,,,,,,,,,,,,,,,,,,,,,,,,,,,,,,,,,105349,
[4773],CONVERGENT MARGIN,MEXICAN VOLCANIC BELTS / TRANS MEXICAN VOLCANIC BELT / VERACRUZ / LOS HUMEROS CALDERA / XALTIPAN FORMATION / PACIFIC OCEAN,,19.5,19.83,-97.33,-97.58,SUBAERIAL,,,s LH21 [4773],NOT GIVEN [4773],,,,,,,,,VOLCANIC ROCK,,,,,WHOLE_ROCK [4773] ,297756.09500000003,6772.541999999999,,85209.41100000001,,,,38243.159999999996,28730.94,10131.071999999998,697.0122,,24738.47,32122.4081,1571.1155999999999,,,,,,,,,,,,,,,,19700.,,,,,,,,,,,,,,,,,,,,,,,,,,,,,,72,0,,,,0,,,,,,,,77,323,30,266,11,,,,,,,,,,,,,683,,,,,,,,,,,,,,,,,,,,,,,,,,,,,,,,,,,,,,,,,,,,,,,,,,,,,105350,
[4773],CONVERGENT MARGIN,MEXICAN VOLCANIC BELTS / TRANS MEXICAN VOLCANIC BELT / VERACRUZ / LOS HUMEROS CALDERA / XALTIPAN FORMATION / PACIFIC OCEAN,,19.5,19.83,-97.33,-97.58,SUBAERIAL,,,s LH23 [4773],"RHYOLITE, BIOTITE [4773]",,,,,,,,,VOLCANIC ROCK,,,,,WHOLE_ROCK [4773] ,360859.82000000007,479.472,,66156.375,,,,6373.86,2787.33,663.3439999999999,154.8916,,40262.274999999994,28264.7517,218.21050000000002,,,,,,,,,,,,,,,,3000.,,,,,,,,,,,,,,,,,,,400,,,,,,700,,,,,0,6,,,,0,,,,,,,,127,23,24,92,12,,,,,,,,,,,,,191,,,,,,,,,,,,,,,,,,,,,,,,,,,,,,,,,,,,,,,,,,,,,,,,,,,,,105402,
[4773],CONVERGENT MARGIN,MEXICAN VOLCANIC BELTS / TRANS MEXICAN VOLCANIC BELT / VERACRUZ / LOS HUMEROS CALDERA / XALTIPAN FORMATION / PACIFIC OCEAN,,19.5,19.83,-97.33,-97.58,SUBAERIAL,,,s LH25 [4773],"RHYOLITE, BIOTITE [4773]",,,,,,,,,VOLCANIC ROCK,,,,,WHOLE_ROCK [4773] ,356652.905,599.34,,69331.881,,,,7306.62,3359.0899999999997,783.952,154.8916,,43084.785,26261.7378,218.21050000000002,,,,,,,,,,,,,,,,33200.,,,,,,,,,,,,,,,,,,,,,,,,,,,,,,0,0,,,,0,,,,,,,,116,29,24,120,12,,,,,,,,,,,,,643,,,,,,,,,,,,,,,,,,,,,,,,,,,,,,,,,,,,,,,,,,,,,,,,,,,,,105403,
[4773],CONVERGENT MARGIN,MEXICAN VOLCANIC BELTS / TRANS MEXICAN VOLCANIC BELT / VERACRUZ / LOS HUMEROS CALDERA / TEZIUTLAN FORMATION / PACIFIC OCEAN,,19.5,19.83,-97.33,-97.58,SUBAERIAL,,,s LH1 [4773],BASALT [4773],,,,,,,,,VOLCANIC ROCK,,,,,WHOLE_ROCK [4773] ,,,,,,,,,,,,,,,,,,,,,,,,,,,,,,,,,,,,,,,,,,,,,,,,,,,,,,,,,,,25.4,,,,,,48,,,,,,,,,,,,,,,,,,,,,,0,,,0.1,,16,36,,19,5.1,1.78,,0.82,,,,,2.3,0.34,4.4,0.97,,,,,,,,,,,1.4,0.5,,,,,,,,,,,,,,,,,,,,,,,,,105404,
[4773],CONVERGENT MARGIN,MEXICAN VOLCANIC BELTS / TRANS MEXICAN VOLCANIC BELT / VERACRUZ / LOS HUMEROS CALDERA / TEZIUTLAN FORMATION / PACIFIC OCEAN,,19.5,19.83,-97.33,-97.58,SUBAERIAL,,,s LH6 [4773],RHYOLITE [4773],,,,,,,,,VOLCANIC ROCK,,,,,WHOLE_ROCK [4773] ,,,,,,,,,,,,,,,,,,,,,,,,,,,,,,,,,,,,,,,,,,,,,,,,,,,,,,,,,,,2.77,,,,,,0.3,,,31,,,,,,,,,,,,,,,,,,,1,,,3.9,,43,81,,30,5.8,0.19,5.3,0.91,,,,,3.3,0.55,4.6,2.55,,,,,,,,,,,26.8,5.7,,,,,,,,,,,,,,,,,,,,,,,,,105405,
[4773],CONVERGENT MARGIN,MEXICAN VOLCANIC BELTS / TRANS MEXICAN VOLCANIC BELT / VERACRUZ / LOS HUMEROS CALDERA / XALTIPAN FORMATION / PACIFIC OCEAN,,19.5,19.83,-97.33,-97.58,SUBAERIAL,,,s LH7 [4773],NOT GIVEN [4773],,,,,,,,,VOLCANIC ROCK,,,,,WHOLE_ROCK [4773] ,,,,,,,,,,,,,,,,,,,,,,,,,,,,,,,,,,,,,,,,,,,,,,,,,,,,,,,,,,,2.57,,,,,,0.3,,,,,,,,,,,,,,,,,,,,,,0.5,,,4.4,,40,76,,24,5.3,0.18,,0.75,,,,,3.6,0.55,5.4,1.68,,,,,,,,,,,21,6.1,,,,,,,,,,,,,,,,,,,,,,,,,105407,
[4773],CONVERGENT MARGIN,MEXICAN VOLCANIC BELTS / TRANS MEXICAN VOLCANIC BELT / VERACRUZ / LOS HUMEROS CALDERA / XALTIPAN FORMATION / PACIFIC OCEAN,,19.5,19.83,-97.33,-97.58,SUBAERIAL,,,s LH14 [4773],NOT GIVEN [4773],,,,,,,,,VOLCANIC ROCK,,,,,WHOLE_ROCK [4773] ,,,,,,,,,,,,,,,,,,,,,,,,,,,,,,,,,,,,,,,,,,,,,,,,,,,,,,,,,,,2.79,,,,,,1.2,,,,,,,,,,,,,,,,,,,,,,0.4,,,4,,31,61,,24,4.4,0.54,,0.62,,,,,3.1,0.48,8.1,1.6,,,,,,,,,,,17.9,5.5,,,,,,,,,,,,,,,,,,,,,,,,,105409,
[4773],CONVERGENT MARGIN,MEXICAN VOLCANIC BELTS / TRANS MEXICAN VOLCANIC BELT / VERACRUZ / LOS HUMEROS CALDERA / XALTIPAN FORMATION / PACIFIC OCEAN,,19.5,19.83,-97.33,-97.58,SUBAERIAL,,,s LH23 [4773],"RHYOLITE, BIOTITE [4773]",,,,,,,,,VOLCANIC ROCK,,,,,WHOLE_ROCK [4773] ,,,,,,,,,,,,,,,,,,,,,,,,,,,,,,,,,,,,,,,,,,,,,,,,,,,,,,,,,,,2.54,,,,,,0.2,,,31,,,,,,,,,,,,,,,,,,,0.9,,,4,,43,70,,29,4.9,0.17,4.8,0.68,,,,,2.5,0.47,3.9,1.92,,,,,,,,,,,22.3,5.4,,,,,,,,,,,,,,,,,,,,,,,,,105411,
[4773],CONVERGENT MARGIN,MEXICAN VOLCANIC BELTS / TRANS MEXICAN VOLCANIC BELT / VERACRUZ / LOS HUMEROS CALDERA / FABY FORMATION / PACIFIC OCEAN,,19.5,19.83,-97.33,-97.58,SUBAERIAL,,,s LH30 [4773],RHYOLITE [4773],,,,,,,,,VOLCANIC ROCK,,,,,WHOLE_ROCK [4773] ,,,,,,,,,,,,,,,,,,,,,,,,,,,,,,,,,,,,,,,,,,,,,,,,,,,,,,,,,,,2.94,,,,,,0.6,,,36,,,,,,,,,,,,,,,,,,,0.9,,,4.1,,43,73,,29,5.3,0.41,5.2,0.83,,,,,2.9,0.53,5.6,1.79,,,,,,,,,,,20.7,5,,,,,,,,,,,,,,,,,,,,,,,,,105412,
[4773],CONVERGENT MARGIN,MEXICAN VOLCANIC BELTS / TRANS MEXICAN VOLCANIC BELT / VERACRUZ / LOS HUMEROS CALDERA / FABY FORMATION / PACIFIC OCEAN,,19.5,19.83,-97.33,-97.58,SUBAERIAL,,,s LH31 [4773],RHYODACITE [4773],,,,,,,,,VOLCANIC ROCK,,,,,WHOLE_ROCK [4773] ,,,,,,,,,,,,,,,,,,,,,,,,,,,,,,,,,,,,,,,,,,,,,,,,,,,,,,,,,,,3.77,,,,,,1.2,,,,,,,,,,,,,,,,,,,,,,0.5,,,4.9,,36,71,,27,5.3,0.85,,0.73,,,,,3.3,0.51,8.9,1.44,,,,,,,,,,,16.7,5,,,,,,,,,,,,,,,,,,,,,,,,,105413,
[4773],CONVERGENT MARGIN,MEXICAN VOLCANIC BELTS / TRANS MEXICAN VOLCANIC BELT / VERACRUZ / LOS HUMEROS CALDERA / FABY FORMATION / PACIFIC OCEAN,,19.5,19.83,-97.33,-97.58,SUBAERIAL,,,s LH36 [4773],RHYODACITE [4773],,,,,,,,,VOLCANIC ROCK,,,,,WHOLE_ROCK [4773] ,,,,,,,,,,,,,,,,,,,,,,,,,,,,,,,,,,,,,,,,,,,,,,,,,,,,,,,,,,,5.44,,,,,,3.1,,,,,,,,,,,,,,,,,,,,,,0.5,,,3.9,,35,69,,28,5.5,1.04,,0.77,,,,,3.1,0.46,9,1.26,,,,,,,,,,,14.1,4.1,,,,,,,,,,,,,,,,,,,,,,,,,105414,
[4773],CONVERGENT MARGIN,MEXICAN VOLCANIC BELTS / TRANS MEXICAN VOLCANIC BELT / VERACRUZ / LOS HUMEROS CALDERA / FABY FORMATION / PACIFIC OCEAN,,19.5,19.83,-97.33,-97.58,SUBAERIAL,,,s LH35 [4773],ANDESITE [4773],,,,,,,,,VOLCANIC ROCK,,,,,WHOLE_ROCK [4773] ,,,,,,,,,,,,,,,,,,,,,,,,,,,,,,,,,,,,,,,,,,,,,,,,,,,,,,,,,,,16.5,,,,,,18.5,,,,,,,,,,,,,,,,,,,,,,0.4,,,1.4,,27,53,,25,5.3,1.43,,0.68,,,,,2.2,0.31,5.5,0.86,,,,,,,,,,,6.1,1.9,,,,,,,,,,,,,,,,,,,,,,,,,105415,
[4773],CONVERGENT MARGIN,MEXICAN VOLCANIC BELTS / TRANS MEXICAN VOLCANIC BELT / VERACRUZ / LOS HUMEROS CALDERA / ZARAGOZA FORMATION / PACIFIC OCEAN,,19.5,19.83,-97.25,-97.72,SUBAERIAL,,,s LH44 [4773],RHYODACITE [4773],,,,,,,,,VOLCANIC ROCK,,,,,WHOLE_ROCK [4773] ,,,,,,,,,,,,,,,,,,,,,,,,,,,,,,,,,,,,,,,,,,,,,,,,,,,,,,,,,,,5.8,,,,,,2.9,,,47,,,,,,,,,,,,,,,,,,,1.2,,,3.9,,40,68,,27,5.6,1.03,5.9,0.85,,,,,2.6,0.45,8.6,1.41,,,,,,,,,,,14.6,3.8,,,,,,,,,,,,,,,,,,,,,,,,,105417,
[4773],CONVERGENT MARGIN,MEXICAN VOLCANIC BELTS / TRANS MEXICAN VOLCANIC BELT / VERACRUZ / LOS HUMEROS CALDERA / ZARAGOZA FORMATION / PACIFIC OCEAN,,19.5,19.83,-97.25,-97.72,SUBAERIAL,,,s LH47 [4773],ANDESITE [4773],,,,,,,,,VOLCANIC ROCK,,,,,WHOLE_ROCK [4773] ,,,,,,,,,,,,,,,,,,,,,,,,,,,,,,,,,,,,,,,,,,,,,,,,,,,,,,,,,,,21.92,,,,,,20.8,,,,,,,,,,,,,,,,,,,,,,0.1,,,1.2,,23,47,,22,5.2,1.46,,0.67,,,,,2.1,0.29,4.6,0.79,,,,,,,,,,,4.5,1.4,,,,,,,,,,,,,,,,,,,,,,,,,105419,
[4773],CONVERGENT MARGIN,MEXICAN VOLCANIC BELTS / TRANS MEXICAN VOLCANIC BELT / VERACRUZ / LOS HUMEROS CALDERA / TEPEYAHUALCO FLOW / PACIFIC OCEAN,,19.5,19.83,-97.33,-97.58,SUBAERIAL,,,s LH60 [4773],ANDESITE [4773],,,,,,,,,VOLCANIC ROCK,,,,,WHOLE_ROCK [4773] ,,,,,,,,,,,,,,,,,,,,,,,,,,,,,,,,,,,,,,,,,,,,,,,,,,,,,,,,,,,14.56,,,,,,19.3,,,,,,,,,,,,,,,,,,,,,,0.1,,,1.5,,30,60,,27,5.8,1.55,,0.71,,,,,2.3,0.34,6.1,0.93,,,,,,,,,,,6.6,2,,,,,,,,,,,,,,,,,,,,,,,,,105420,
[4773],CONVERGENT MARGIN,MEXICAN VOLCANIC BELTS / TRANS MEXICAN VOLCANIC BELT / VERACRUZ / LOS HUMEROS CALDERA / LIMN FLOW / PACIFIC OCEAN,,19.5,19.83,-97.33,-97.58,SUBAERIAL,,,s LH63 [4773],ANDESITE [4773],,,,,,,,,VOLCANIC ROCK,,,,,WHOLE_ROCK [4773] ,,,,,,,,,,,,,,,,,,,,,,,,,,,,,,,,,,,,,,,,,,,,,,,,,,,,,,,,,,,18.34,,,,,,23.9,,,,,,,,,,,,,,,,,,,,,,0.1,,,1.1,,25,52,,24,5.5,1.57,,0.75,,,,,2.4,0.34,5.5,0.82,,,,,,,,,,,4.8,1.4,,,,,,,,,,,,,,,,,,,,,,,,,105421,
[4773],CONVERGENT MARGIN,MEXICAN VOLCANIC BELTS / TRANS MEXICAN VOLCANIC BELT / VERACRUZ / LOS HUMEROS CALDERA / LIMN FLOW / PACIFIC OCEAN,,19.5,19.83,-97.33,-97.58,SUBAERIAL,,,s LH62 [4773],ANDESITE [4773],,,,,,,,,VOLCANIC ROCK,,,,,WHOLE_ROCK [4773] ,,,,,,,,,,,,,,,,,,,,,,,,,,,,,,,,,,,,,,,,,,,,,,,,,,,,,,,,,,,19.89,,,,,,29.5,,,,,,,,,,,,,,,,,,,,,,0.1,,,0.8,,23,48,,25,5.5,1.65,,0.79,,,,,2.5,0.35,5.1,0.77,,,,,,,,,,,3.7,1.2,,,,,,,,,,,,,,,,,,,,,,,,,105422,
[4773],CONVERGENT MARGIN,MEXICAN VOLCANIC BELTS / TRANS MEXICAN VOLCANIC BELT / VERACRUZ / LOS HUMEROS CALDERA / SAN ANTONIO FORMATION / PACIFIC OCEAN,,19.5,19.83,-97.33,-97.58,SUBAERIAL,,,s LH86 [4773],RHYODACITE [4773],,,,,,,,,VOLCANIC ROCK,,,,,WHOLE_ROCK [4773] ,,,,,,,,,,,,,,,,,,,,,,,,,,,,,,,,,,,,,,,,,,,,,,,,,,,,,,,,,,,5.04,,,,,,4.4,,,49,,,,,,,,,,,,,,,,,,,1.2,,,4.3,,38,67,,30,5.5,1.06,5.6,0.81,,,,,2.6,0.48,8.9,1.66,,,,,,,,,,,16.8,4.6,,,,,,,,,,,,,,,,,,,,,,,,,105423,
[4773],CONVERGENT MARGIN,MEXICAN VOLCANIC BELTS / TRANS MEXICAN VOLCANIC BELT / VERACRUZ / LOS HUMEROS CALDERA / ARENAS FLOWS / PACIFIC OCEAN,,19.5,19.83,-97.33,-97.58,SUBAERIAL,,,s LH90 [4773],RHYODACITE [4773],,,,,,,,,VOLCANIC ROCK,,,,,WHOLE_ROCK [4773] ,,,,,,,,,,,,,,,,,,,,,,,,,,,,,,,,,,,,,,,,,,,,,,,,,,,,,,,,,,,5.31,,,,,,3.9,,,52,,,,,,,,,,,,,,,,,,,0.8,,,3.7,,39,68,,32,5.9,1.1,5.1,0.81,,,,,2.7,0.49,8.9,1.56,,,,,,,,,,,15.5,4.3,,,,,,,,,,,,,,,,,,,,,,,,,105424,
[4773],CONVERGENT MARGIN,MEXICAN VOLCANIC BELTS / TRANS MEXICAN VOLCANIC BELT / VERACRUZ / LOS HUMEROS CALDERA / FABY FORMATION / PACIFIC OCEAN,,19.5,19.83,-97.33,-97.58,SUBAERIAL,,,s LH27 [4773],RHYOLITE [4773],,,,,,,,APHYRIC [4773] ,VOLCANIC ROCK,,,,,WHOLE_ROCK [4773] ,354315.73000000004,779.1419999999999,,68802.63,,,,9560.789999999999,3644.9700000000003,783.952,154.8916,,41009.41,29822.651399999995,218.21050000000002,,,,,,,,,,,,,,,,6200.,,,,,,,,,,,,,,,,,,,500,,,,,,700,,,,,0,0,,,,0,,,,,,,,118,39,26,154,10,,,,,,,,,,,,,546,,,,,,,,,,,,,,,,,,,,,,,,,,,,,,,,,,,,,,,,,,,,,,,,,,,,,105426,
[4773],CONVERGENT MARGIN,MEXICAN VOLCANIC BELTS / TRANS MEXICAN VOLCANIC BELT / VERACRUZ / LOS HUMEROS CALDERA / FABY FORMATION / PACIFIC OCEAN,,19.5,19.83,-97.33,-97.58,SUBAERIAL,,,s LH28 [4773],RHYOLITE [4773],,,,,,,,,VOLCANIC ROCK,,,,,WHOLE_ROCK [4773] ,358522.645,599.34,,66156.375,,,,8317.11,3001.74,603.04,77.4458,,41341.47,28413.1231,218.21050000000002,,,,,,,,,,,,,,,,14200.,,,,,,,,,,,,,,,,,,,,,,,,,,,,,,0,0,,,,0,,,,,,,,135,18,30,136,12,,,,,,,,,,,,,336,,,,,,,,,,,,,,,,,,,,,,,,,,,,,,,,,,,,,,,,,,,,,,,,,,,,,105427,
[4773],CONVERGENT MARGIN,MEXICAN VOLCANIC BELTS / TRANS MEXICAN VOLCANIC BELT / VERACRUZ / LOS HUMEROS CALDERA / FABY FORMATION / PACIFIC OCEAN,,19.5,19.83,-97.33,-97.58,SUBAERIAL,,,s LH29 [4773],RHYOLITE [4773],,,,,,,,,VOLCANIC ROCK,,,,,WHOLE_ROCK [4773] ,352913.42500000005,839.076,,69331.881,,,,9716.25,3716.44,783.952,154.8916,,40594.335,31306.365399999995,218.21050000000002,,,,,,,,,,,,,,,,4000.,,,,,,,,,,,,,,,,,,,500,,,,,,700,,,,,0,5,,,,0,,,,,,,,115,34,24,154,11,,,,,,,,,,,,,554,,,,,,,,,,,,,,,,,,,,,,,,,,,,,,,,,,,,,,,,,,,,,,,,,,,,,105428,
[4773],CONVERGENT MARGIN,MEXICAN VOLCANIC BELTS / TRANS MEXICAN VOLCANIC BELT / VERACRUZ / LOS HUMEROS CALDERA / FABY FORMATION / PACIFIC OCEAN,,19.5,19.83,-97.33,-97.58,SUBAERIAL,,,s LH30 [4773],RHYOLITE [4773],,,,,,,,,VOLCANIC ROCK,,,,,WHOLE_ROCK [4773] ,354315.73000000004,719.208,,68273.379,,,,9638.52,3502.0299999999997,783.952,154.8916,,41009.41,30045.208499999997,218.21050000000002,,,,,,,,,,,,,,,,3200.,,,,,,,,,,,,,,,,,,,600,,,,,,800,,,,,0,0,,,,0,,,,,,,,138,37,31,176,12,,,,,,,,,,,,,574,,,,,,,,,,,,,,,,,,,,,,,,,,,,,,,,,,,,,,,,,,,,,,,,,,,,,105429,
[4773],CONVERGENT MARGIN,MEXICAN VOLCANIC BELTS / TRANS MEXICAN VOLCANIC BELT / VERACRUZ / LOS HUMEROS CALDERA / FABY FORMATION / PACIFIC OCEAN,,19.5,19.83,-97.33,-97.58,SUBAERIAL,,,s LH31 [4773],RHYODACITE [4773],,,,,,,,,VOLCANIC ROCK,,,,,WHOLE_ROCK [4773] ,337488.07000000007,1917.888,,77799.897,,,,13525.02,8290.519999999999,2231.248,309.7832,,39100.065,32938.4508,261.8526,,,,,,,,,,,,,,,,44000.,,,,,,,,,,,,,,,,,,,,,,,,,,,,,,0,0,,,,0,,,,,,,,127,97,26,283,14,,,,,,,,,,,,,952,,,,,,,,,,,,,,,,,,,,,,,,,,,,,,,,,,,,,,,,,,,,,,,,,,,,,105430,
[4773],CONVERGENT MARGIN,MEXICAN VOLCANIC BELTS / TRANS MEXICAN VOLCANIC BELT / VERACRUZ / LOS HUMEROS CALDERA / FABY FORMATION / PACIFIC OCEAN,,19.5,19.83,-97.33,-97.58,SUBAERIAL,,,s LH34 [4773],RHYODACITE [4773],,,,,,,,,VOLCANIC ROCK,,,,,WHOLE_ROCK [4773] ,322997.585,3356.304,,82033.905,,,,21842.13,15294.580000000002,4522.799999999999,387.22900000000004,,35281.375,32344.965200000002,610.9894,,,,,,,,,,,,,,,,37100.,,,,,,,,,,,,,,,,,,,,,,,,,,,,,,37,0,,,,0,,,,,,,,102,167,24,262,10,,,,,,,,,,,,,935,,,,,,,,,,,,,,,,,,,,,,,,,,,,,,,,,,,,,,,,,,,,,,,,,,,,,105432,
[4773],CONVERGENT MARGIN,MEXICAN VOLCANIC BELTS / TRANS MEXICAN VOLCANIC BELT / VERACRUZ / LOS HUMEROS CALDERA / FABY FORMATION / PACIFIC OCEAN,,19.5,19.83,-97.33,-97.58,SUBAERIAL,,,s LH36 [4773],RHYODACITE [4773],,,,,,,,,VOLCANIC ROCK,,,,,WHOLE_ROCK [4773] ,323465.02,3296.37,,82033.905,,,,20365.260000000002,14365.47,4402.192,387.22900000000004,,36111.524999999994,33457.7507,610.9894,,,,,,,,,,,,,,,,38600.,,,,,,,,,,,,,,,,,,,200,,,,,,1100,,,,,0,0,,,,0,,,,,,,,100,179,25,277,9,,,,,,,,,,,,,878,,,,,,,,,,,,,,,,,,,,,,,,,,,,,,,,,,,,,,,,,,,,,,,,,,,,,105433,
[4773],CONVERGENT MARGIN,MEXICAN VOLCANIC BELTS / TRANS MEXICAN VOLCANIC BELT / VERACRUZ / LOS HUMEROS CALDERA / FABY FORMATION / PACIFIC OCEAN,,19.5,19.83,-97.33,-97.58,SUBAERIAL,,,s LH35 [4773],ANDESITE [4773],,,,,,,,,VOLCANIC ROCK,,,,,WHOLE_ROCK [4773] ,274384.34500000003,6832.475999999999,,89443.419,,,,46560.270000000004,48170.78,21227.007999999998,774.4580000000001,,15357.775000000001,29525.9086,1352.9051,,,,,,,,,,,,,,,,2900.,,,,,,,,,,,,,,,,,,,,,,,,,,,,,,140,9,,,,8,,,,,,,,39,381,18,171,10,,,,,,,,,,,,,582,,,,,,,,,,,,,,,,,,,,,,,,,,,,,,,,,,,,,,,,,,,,,,,,,,,,,105434,
[4773],CONVERGENT MARGIN,MEXICAN VOLCANIC BELTS / TRANS MEXICAN VOLCANIC BELT / VERACRUZ / LOS HUMEROS CALDERA / ZARAGOZA FORMATION / PACIFIC OCEAN,,19.5,19.83,-97.25,-97.72,SUBAERIAL,,,s LH48 [4773],RHYODACITE [4773],,,,,,,,,VOLCANIC ROCK,,,,,WHOLE_ROCK [4773] ,327671.935,2876.832,,80446.152,,,,19354.77,11935.49,3437.3279999999995,387.22900000000004,,39266.095,31454.7368,436.42100000000005,,,,,,,,,,,,,,,,31200.,,,,,,,,,,,,,,,,,,,,,,,,,,,,,,0,6,,,,0,,,,,,,,105,125,25,301,10,,,,,,,,,,,,,911,,,,,,,,,,,,,,,,,,,,,,,,,,,,,,,,,,,,,,,,,,,,,,,,,,,,,105436,
[4773],CONVERGENT MARGIN,MEXICAN VOLCANIC BELTS / TRANS MEXICAN VOLCANIC BELT / VERACRUZ / LOS HUMEROS CALDERA / ZARAGOZA FORMATION / PACIFIC OCEAN,,19.5,19.83,-97.25,-97.72,SUBAERIAL,,,s LH43 [4773],RHYODACITE [4773],,,,,,,,,VOLCANIC ROCK,,,,,WHOLE_ROCK [4773] ,324867.325,2996.7,,80446.152,,,,22386.239999999998,12721.66,3919.7599999999998,387.22900000000004,,34783.285,34793.0933,480.0631,,,,,,,,,,,,,,,,26000.,,,,,,,,,,,,,,,,,,,,,,,,,,,,,,0,5,,,,0,,,,,,,,113,144,26,325,12,,,,,,,,,,,,,895,,,,,,,,,,,,,,,,,,,,,,,,,,,,,,,,,,,,,,,,,,,,,,,,,,,,,105438,
[4773],CONVERGENT MARGIN,MEXICAN VOLCANIC BELTS / TRANS MEXICAN VOLCANIC BELT / VERACRUZ / LOS HUMEROS CALDERA / ZARAGOZA FORMATION / PACIFIC OCEAN,,19.5,19.83,-97.25,-97.72,SUBAERIAL,,,s LH44 [4773],RHYODACITE [4773],,,,,,,,,VOLCANIC ROCK,,,,,WHOLE_ROCK [4773] ,324867.325,2996.7,,80975.403,,,,20831.640000000003,12936.07,3799.1519999999996,387.22900000000004,,34866.3,35312.3932,436.42100000000005,,,,,,,,,,,,,,,,24500.,,,,,,,,,,,,,,,,,,,,,,,,,,,,,,19,0,,,,0,,,,,,,,105,143,26,301,12,,,,,,,,,,,,,886,,,,,,,,,,,,,,,,,,,,,,,,,,,,,,,,,,,,,,,,,,,,,,,,,,,,,105439,
[4773],CONVERGENT MARGIN,MEXICAN VOLCANIC BELTS / TRANS MEXICAN VOLCANIC BELT / VERACRUZ / LOS HUMEROS CALDERA / ZARAGOZA FORMATION / PACIFIC OCEAN,,19.5,19.83,-97.25,-97.72,SUBAERIAL,,,s LH47 [4773],ANDESITE [4773],,,,,,,,,VOLCANIC ROCK,,,,,WHOLE_ROCK [4773] ,251947.46500000003,11926.866,,92089.674,,,,63738.59999999999,58748.340000000004,24362.816,929.3496,,11373.055,25445.6951,1745.6840000000002,,,,,,,,,,,,,,,,6100.,,,,,,,,,,,,,,,,,,,,,,,,,,,,,,,5,,,,0,,,,,,,,34,405,18,150,10,,,,,,,,,,,,,,,,,,,,,,,,,,,,,,,,,,,,,,,,,,,,,,,,,,,,,,,,,,,,,,,,,,105441,
[4773],CONVERGENT MARGIN,MEXICAN VOLCANIC BELTS / TRANS MEXICAN VOLCANIC BELT / VERACRUZ / LOS HUMEROS CALDERA / TEPEYAHUALCO FLOW / PACIFIC OCEAN,,19.5,19.83,-97.33,-97.58,SUBAERIAL,,,s LH60 [4773],ANDESITE [4773],,,,,,,,,VOLCANIC ROCK,,,,,WHOLE_ROCK [4773] ,275786.65,8510.627999999999,,88384.917,,,,52234.56,40452.020000000004,15859.951999999997,774.4580000000001,,17848.225,32864.2651,1571.1155999999999,,,,,,,,,,,,,,,,100.,,,,,,,,,,,,,,,,,,,,,,,,,,,,,,191,0,,,,5,,,,,,,,48,407,23,206,13,,,,,,,,,,,,,582,,,,,,,,,,,,,,,,,,,,,,,,,,,,,,,,,,,,,,,,,,,,,,,,,,,,,105443,
[4773],CONVERGENT MARGIN,MEXICAN VOLCANIC BELTS / TRANS MEXICAN VOLCANIC BELT / VERACRUZ / LOS HUMEROS CALDERA / TEPEYAHUALCO FLOW / PACIFIC OCEAN,,19.5,19.83,-97.33,-97.58,SUBAERIAL,,,s LH61 [4773],ANDESITE [4773],,,,,,,,,VOLCANIC ROCK,,,,,WHOLE_ROCK [4773] ,274384.34500000003,6832.475999999999,,92618.925,,,,46638,45169.04,17488.16,697.0122,,17267.12,31380.5511,1221.9788,,,,,,,,,,,,,,,,3800.,,,,,,,,,,,,,,,,,,,,,,,,,,,,,,171,21,,,,9,,,,,,,,46,423,21,191,11,,,,,,,,,,,,,572,,,,,,,,,,,,,,,,,,,,,,,,,,,,,,,,,,,,,,,,,,,,,,,,,,,,,105444,
[4773],CONVERGENT MARGIN,MEXICAN VOLCANIC BELTS / TRANS MEXICAN VOLCANIC BELT / VERACRUZ / LOS HUMEROS CALDERA / TEPEYAHUALCO FLOW / PACIFIC OCEAN,,19.5,19.83,-97.33,-97.58,SUBAERIAL,,,s LH55 [4773],ANDESITE [4773],,,,,,,,,VOLCANIC ROCK,,,,,WHOLE_ROCK [4773] ,267840.255,8930.166,,87855.66600000001,,,,56820.63,45740.8,18754.543999999998,929.3496,,17433.15,31751.479600000002,1614.7576999999999,,,,,,,,,,,,,,,,4400.,,,,,,,,,,,,,,,,,,,,,,,,,,,,,,161,26,,,,0,,,,,,,,49,467,29,255,14,,,,,,,,,,,,,583,,,,,,,,,,,,,,,,,,,,,,,,,,,,,,,,,,,,,,,,,,,,,,,,,,,,,105445,
[4773],CONVERGENT MARGIN,MEXICAN VOLCANIC BELTS / TRANS MEXICAN VOLCANIC BELT / VERACRUZ / LOS HUMEROS CALDERA / TEPEYAHUALCO FLOW / PACIFIC OCEAN,,19.5,19.83,-97.33,-97.58,SUBAERIAL,,,s LH56 [4773],ANDESITE [4773],,,,,,,,,VOLCANIC ROCK,,,,,WHOLE_ROCK [4773] ,266905.385,8810.297999999999,,89443.419,,,,56276.520000000004,45812.270000000004,18754.543999999998,929.3496,,16603.,32344.965200000002,1614.7576999999999,,,,,,,,,,,,,,,,4400.,,,,,,,,,,,,,,,,,,,,,,,,,,,,,,180,19,,,,5,,,,,,,,41,376,24,204,11,,,,,,,,,,,,,541,,,,,,,,,,,,,,,,,,,,,,,,,,,,,,,,,,,,,,,,,,,,,,,,,,,,,105446,
[4773],CONVERGENT MARGIN,MEXICAN VOLCANIC BELTS / TRANS MEXICAN VOLCANIC BELT / VERACRUZ / LOS HUMEROS CALDERA / SARABIA FLOW / PACIFIC OCEAN,,19.5,19.83,-97.33,-97.58,SUBAERIAL,,,s LH67 [4773],ANDESITE [4773],,,,,,,,,VOLCANIC ROCK,,,,,WHOLE_ROCK [4773] ,270644.865,9109.967999999999,,87855.66600000001,,,,55965.6,37950.57,16221.775999999998,1084.2412000000002,,20089.63,36647.7358,1876.6103,,,,,,,,,,,,,,,,3700.,,,,,,,,,,,,,,,,,,,,,,,,,,,,,,,10,,,,0,,,,,,,,48,322,33,268,13,,,,,,,,,,,,,,,,,,,,,,,,,,,,,,,,,,,,,,,,,,,,,,,,,,,,,,,,,,,,,,,,,,105448,
[4773],CONVERGENT MARGIN,MEXICAN VOLCANIC BELTS / TRANS MEXICAN VOLCANIC BELT / VERACRUZ / LOS HUMEROS CALDERA / SARABIA FLOW / PACIFIC OCEAN,,19.5,19.83,-97.33,-97.58,SUBAERIAL,,,s LH66 [4773],ANDESITE [4773],,,,,,,,,VOLCANIC ROCK,,,,,WHOLE_ROCK [4773] ,258491.555,9769.241999999998,,88914.168,,,,62417.189999999995,48242.25,21769.744,1006.7954,,15855.865,33235.1936,1658.3998000000001,,,,,,,,,,,,,,,,1400.0000000000002,,,,,,,,,,,,,,,,,,,,,,,,,,,,,,,24,,,,6,,,,,,,,40,364,29,224,11,,,,,,,,,,,,,,,,,,,,,,,,,,,,,,,,,,,,,,,,,,,,,,,,,,,,,,,,,,,,,,,,,,105449,
[4773],CONVERGENT MARGIN,MEXICAN VOLCANIC BELTS / TRANS MEXICAN VOLCANIC BELT / VERACRUZ / LOS HUMEROS CALDERA / LIMN FLOW / PACIFIC OCEAN,,19.5,19.83,-97.33,-97.58,SUBAERIAL,,,s LH63 [4773],ANDESITE [4773],,,,,,,,,VOLCANIC ROCK,,,,,WHOLE_ROCK [4773] ,262698.47000000003,8091.09,,91560.42300000001,,,,54100.08,51458.4,21649.136,851.9038,,14693.655,32270.779499999997,1527.4734999999998,,,,,,,,,,,,,,,,5600.000000000001,,,,,,,,,,,,,,,,,,,,,,,,,,,,,,,39,,,,13,,,,,,,,35,412,24,189,11,,,,,,,,,,,,,,,,,,,,,,,,,,,,,,,,,,,,,,,,,,,,,,,,,,,,,,,,,,,,,,,,,,105450,
[4773],CONVERGENT MARGIN,MEXICAN VOLCANIC BELTS / TRANS MEXICAN VOLCANIC BELT / VERACRUZ / LOS HUMEROS CALDERA / LIMN FLOW / PACIFIC OCEAN,,19.5,19.83,-97.33,-97.58,SUBAERIAL,,,s LH65 [4773],ANDESITE [4773],,,,,,,,,VOLCANIC ROCK,,,,,WHOLE_ROCK [4773] ,262231.03500000003,6293.07,,101616.192,,,,44850.21,60606.560000000005,19357.584,697.0122,,13116.37,26484.294899999997,1134.6946,,,,,,,,,,,,,,,,7900.,,,,,,,,,,,,,,,,,,,,,,,,,,,,,,,22,,,,12,,,,,,,,31,476,18,139,10,,,,,,,,,,,,,,,,,,,,,,,,,,,,,,,,,,,,,,,,,,,,,,,,,,,,,,,,,,,,,,,,,,105451,
[4773],CONVERGENT MARGIN,MEXICAN VOLCANIC BELTS / TRANS MEXICAN VOLCANIC BELT / VERACRUZ / LOS HUMEROS CALDERA / LIMN FLOW / PACIFIC OCEAN,,19.5,19.83,-97.33,-97.58,SUBAERIAL,,,s LH64 [4773],ANDESITE [4773],,,,,,,,,VOLCANIC ROCK,,,,,WHOLE_ROCK [4773] ,260361.29500000004,7791.42,,96852.933,,,,50602.229999999996,56747.18,21106.399999999998,774.4580000000001,,14029.535,28784.0516,1352.9051,,,,,,,,,,,,,,,,5200.,,,,,,,,,,,,,,,,,,,,,,,,,,,,,,,36,,,,12,,,,,,,,34,409,18,142,10,,,,,,,,,,,,,,,,,,,,,,,,,,,,,,,,,,,,,,,,,,,,,,,,,,,,,,,,,,,,,,,,,,105452,
[4773],CONVERGENT MARGIN,MEXICAN VOLCANIC BELTS / TRANS MEXICAN VOLCANIC BELT / VERACRUZ / LOS HUMEROS CALDERA / LIMN FLOW / PACIFIC OCEAN,,19.5,19.83,-97.33,-97.58,SUBAERIAL,,,s LH62 [4773],ANDESITE [4773],,,,,,,,,VOLCANIC ROCK,,,,,WHOLE_ROCK [4773] ,247740.55000000002,9109.967999999999,,94206.67800000001,,,,62961.299999999996,58462.46,27679.535999999996,1006.7954,,11290.04,28635.6802,1527.4734999999998,,,,,,,,,,,,,,,,7000.,,,,,,,,,,,,,,,,,,,,,,,,,,,,,,,39,,,,23,,,,,,,,26,443,24,178,10,,,,,,,,,,,,,,,,,,,,,,,,,,,,,,,,,,,,,,,,,,,,,,,,,,,,,,,,,,,,,,,,,,105453,
[4773],CONVERGENT MARGIN,MEXICAN VOLCANIC BELTS / TRANS MEXICAN VOLCANIC BELT / VERACRUZ / LOS HUMEROS CALDERA / CHIAPA FLOWS / PACIFIC OCEAN,,19.5,19.83,-97.33,-97.58,SUBAERIAL,,,s LH72 [4773],ANDESITE [4773],,,,,,,,,VOLCANIC ROCK,,,,,WHOLE_ROCK [4773] ,292614.31000000006,6712.608,,85738.662,,,,42051.93,30160.339999999997,10794.416,697.0122,,23327.215,34941.4647,1265.6209,,,,,,,,,,,,,,,,1500.,,,,,,,,,,,,,,,,,,,,,,,,,,,,,,121,8,,,,0,,,,,,,,64,310,21,251,11,,,,,,,,,,,,,756,,,,,,,,,,,,,,,,,,,,,,,,,,,,,,,,,,,,,,,,,,,,,,,,,,,,,105454,
[4773],CONVERGENT MARGIN,MEXICAN VOLCANIC BELTS / TRANS MEXICAN VOLCANIC BELT / VERACRUZ / LOS HUMEROS CALDERA / CHIAPA FLOWS / PACIFIC OCEAN,,19.5,19.83,-97.33,-97.58,SUBAERIAL,,,s LH70 [4773],ANDESITE [4773],,,,,,,,,VOLCANIC ROCK,,,,,WHOLE_ROCK [4773] ,270177.43,8870.232,,91560.42300000001,,,,52234.56,46669.91,16824.816,774.4580000000001,,16436.97,30341.951299999997,1614.7576999999999,,,,,,,,,,,,,,,,9400.,,,,,,,,,,,,,,,,,,,,,,,,,,,,,,182,14,,,,5,,,,,,,,40,407,21,183,10,,,,,,,,,,,,,595,,,,,,,,,,,,,,,,,,,,,,,,,,,,,,,,,,,,,,,,,,,,,,,,,,,,,105455,
[4773],CONVERGENT MARGIN,MEXICAN VOLCANIC BELTS / TRANS MEXICAN VOLCANIC BELT / VERACRUZ / LOS HUMEROS CALDERA / CUICUILTIC FLOW / PACIFIC OCEAN,,19.5,19.83,-97.33,-97.58,SUBAERIAL,,,s LH76 [4773],RHYODACITE [4773],,,,,,,,,VOLCANIC ROCK,,,,,WHOLE_ROCK [4773] ,322997.585,3056.634,,81504.65400000001,,,,21764.399999999998,14508.409999999998,4703.7119999999995,387.22900000000004,,35198.36,33606.1221,610.9894,,,,,,,,,,,,,,,,35400.,,,,,,,,,,,,,,,,,,,,,,,,,,,,,,24,5,,,,0,,,,,,,,112,182,24,332,12,,,,,,,,,,,,,812,,,,,,,,,,,,,,,,,,,,,,,,,,,,,,,,,,,,,,,,,,,,,,,,,,,,,105456,
[4773],CONVERGENT MARGIN,MEXICAN VOLCANIC BELTS / TRANS MEXICAN VOLCANIC BELT / VERACRUZ / LOS HUMEROS CALDERA / CUICUILTIC FLOW / PACIFIC OCEAN,,19.5,19.83,-97.33,-97.58,SUBAERIAL,,,s LH77 [4773],DACITE [4773],,,,,,,,,VOLCANIC ROCK,,,,,WHOLE_ROCK [4773] ,314583.755,4015.578,,82563.156,,,,27360.96,17796.030000000002,6633.4400000000005,542.1206000000001,,32624.895,34125.422,741.9157,,,,,,,,,,,,,,,,34400.,,,,,,,,,,,,,,,,,,,,,,,,,,,,,,46,0,,,,0,,,,,,,,96,188,25,318,12,,,,,,,,,,,,,791,,,,,,,,,,,,,,,,,,,,,,,,,,,,,,,,,,,,,,,,,,,,,,,,,,,,,105457,
[4773],CONVERGENT MARGIN,MEXICAN VOLCANIC BELTS / TRANS MEXICAN VOLCANIC BELT / VERACRUZ / LOS HUMEROS CALDERA / CUICUILTIC FLOW / PACIFIC OCEAN,,19.5,19.83,-97.33,-97.58,SUBAERIAL,,,s LH80 [4773],ANDESITE [4773],,,,,,,,,VOLCANIC ROCK,,,,,WHOLE_ROCK [4773] ,283265.61000000004,7731.486,,87326.41500000001,,,,47415.299999999996,37807.63,14593.568,697.0122,,18927.42,32196.5938,1309.263,,,,,,,,,,,,,,,,10500.,,,,,,,,,,,,,,,,,,,,,,,,,,,,,,152,9,,,,0,,,,,,,,53,404,20,184,12,,,,,,,,,,,,,669,,,,,,,,,,,,,,,,,,,,,,,,,,,,,,,,,,,,,,,,,,,,,,,,,,,,,105458,
[4773],CONVERGENT MARGIN,MEXICAN VOLCANIC BELTS / TRANS MEXICAN VOLCANIC BELT / VERACRUZ / LOS HUMEROS CALDERA / CUICUILTIC FLOW / PACIFIC OCEAN,,19.5,19.83,-97.33,-97.58,SUBAERIAL,,,s LH78 [4773],ANDESITE [4773],,,,,,,,,VOLCANIC ROCK,,,,,WHOLE_ROCK [4773] ,263633.34,8990.099999999999,,89443.419,,,,58608.42,50243.41,21166.703999999998,929.3496,,14278.58,29674.28,1483.8314,,,,,,,,,,,,,,,,6100.,,,,,,,,,,,,,,,,,,,,,,,,,,,,,,171,41,,,,10,,,,,,,,36,372,23,189,13,,,,,,,,,,,,,524,,,,,,,,,,,,,,,,,,,,,,,,,,,,,,,,,,,,,,,,,,,,,,,,,,,,,105459,
[4773],CONVERGENT MARGIN,MEXICAN VOLCANIC BELTS / TRANS MEXICAN VOLCANIC BELT / VERACRUZ / LOS HUMEROS CALDERA / SAN ANTONIO FORMATION / PACIFIC OCEAN,,19.5,19.83,-97.33,-97.58,SUBAERIAL,,,s LH87 [4773],RHYODACITE [4773],,,,,,,,,VOLCANIC ROCK,,,,,WHOLE_ROCK [4773] ,322530.15,3236.436,,81504.65400000001,,,,22230.78,13650.769999999999,3919.7599999999998,464.6748,,34534.24,36054.2502,610.9894,,,,,,,,,,,,,,,,3900.,,,,,,,,,,,,,,,,,,,,,,,,,,,,,,27,0,,,,0,,,,,,,,97,142,24,323,14,,,,,,,,,,,,,873,,,,,,,,,,,,,,,,,,,,,,,,,,,,,,,,,,,,,,,,,,,,,,,,,,,,,105460,
[4773],CONVERGENT MARGIN,MEXICAN VOLCANIC BELTS / TRANS MEXICAN VOLCANIC BELT / VERACRUZ / LOS HUMEROS CALDERA / SAN ANTONIO FORMATION / PACIFIC OCEAN,,19.5,19.83,-97.33,-97.58,SUBAERIAL,,,s LH83 [4773],RHYODACITE [4773],,,,,,,,,VOLCANIC ROCK,,,,,WHOLE_ROCK [4773] ,321595.28,3236.436,,80975.403,,,,22697.16,14436.94,4643.407999999999,387.22900000000004,,34534.24,36054.2502,610.9894,,,,,,,,,,,,,,,,3700.,,,,,,,,,,,,,,,,,,,,,,,,,,,,,,32,0,,,,0,,,,,,,,97,159,25,300,13,,,,,,,,,,,,,869,,,,,,,,,,,,,,,,,,,,,,,,,,,,,,,,,,,,,,,,,,,,,,,,,,,,,105461,
[4773],CONVERGENT MARGIN,MEXICAN VOLCANIC BELTS / TRANS MEXICAN VOLCANIC BELT / VERACRUZ / LOS HUMEROS CALDERA / SAN ANTONIO FORMATION / PACIFIC OCEAN,,19.5,19.83,-97.33,-97.58,SUBAERIAL,,,s LH86 [4773],RHYODACITE [4773],,,,,,,,,VOLCANIC ROCK,,,,,WHOLE_ROCK [4773] ,321595.28,2996.7,,82563.156,,,,21764.399999999998,14222.53,4764.016,387.22900000000004,,34285.195,36054.2502,567.3473,,,,,,,,,,,,,,,,4400.,,,,,,,,,,,,,,,,,,,,,,,,,,,,,,27,8,,,,0,,,,,,,,112,169,25,323,14,,,,,,,,,,,,,788,,,,,,,,,,,,,,,,,,,,,,,,,,,,,,,,,,,,,,,,,,,,,,,,,,,,,105462,
[4773],CONVERGENT MARGIN,MEXICAN VOLCANIC BELTS / TRANS MEXICAN VOLCANIC BELT / VERACRUZ / LOS HUMEROS CALDERA / SAN ANTONIO FORMATION / PACIFIC OCEAN,,19.5,19.83,-97.33,-97.58,SUBAERIAL,,,s LH81 [4773],RHYODACITE [4773],,,,,,,,,VOLCANIC ROCK,,,,,WHOLE_ROCK [4773] ,319258.10500000004,3596.0399999999995,,82563.156,,,,23163.54,14365.47,4824.32,464.6748,,33538.06,37463.7785,654.6315,,,,,,,,,,,,,,,,7600.,,,,,,,,,,,,,,,,,,,,,,,,,,,,,,25,0,,,,0,,,,,,,,101,171,25,329,16,,,,,,,,,,,,,788,,,,,,,,,,,,,,,,,,,,,,,,,,,,,,,,,,,,,,,,,,,,,,,,,,,,,105464,
[4773],CONVERGENT MARGIN,MEXICAN VOLCANIC BELTS / TRANS MEXICAN VOLCANIC BELT / VERACRUZ / LOS HUMEROS CALDERA / SAN ANTONIO FORMATION / PACIFIC OCEAN,,19.5,19.83,-97.33,-97.58,SUBAERIAL,,,s LH84 [4773],ANDESITE [4773],,,,,,,,,VOLCANIC ROCK,,,,,WHOLE_ROCK [4773] ,281863.305,8091.09,,86267.913,,,,49669.469999999994,36949.99,14050.832,774.4580000000001,,19757.57,33309.3793,1483.8314,,,,,,,,,,,,,,,,600.,,,,,,,,,,,,,,,,,,,,,,,,,,,,,,151,6,,,,0,,,,,,,,52,355,21,212,12,,,,,,,,,,,,,715,,,,,,,,,,,,,,,,,,,,,,,,,,,,,,,,,,,,,,,,,,,,,,,,,,,,,105465,
[4773],CONVERGENT MARGIN,MEXICAN VOLCANIC BELTS / TRANS MEXICAN VOLCANIC BELT / VERACRUZ / LOS HUMEROS CALDERA / SAN ANTONIO FORMATION / PACIFIC OCEAN,,19.5,19.83,-97.33,-97.58,SUBAERIAL,,,s LH89 [4773],ANDESITE [4773],,,,,,,,,VOLCANIC ROCK,,,,,WHOLE_ROCK [4773] ,275786.65,8091.09,,88384.917,,,,52623.21,41095.25,15618.735999999999,774.4580000000001,,17433.15,32567.522299999997,1483.8314,,,,,,,,,,,,,,,,100.,,,,,,,,,,,,,,,,,,,,,,,,,,,,,,183,9,,,,0,,,,,,,,41,373,21,180,11,,,,,,,,,,,,,625,,,,,,,,,,,,,,,,,,,,,,,,,,,,,,,,,,,,,,,,,,,,,,,,,,,,,105466,
[4773],CONVERGENT MARGIN,MEXICAN VOLCANIC BELTS / TRANS MEXICAN VOLCANIC BELT / VERACRUZ / LOS HUMEROS CALDERA / ARENAS FLOWS / PACIFIC OCEAN,,19.5,19.83,-97.33,-97.58,SUBAERIAL,,,s LH90 [4773],RHYODACITE [4773],,,,,,,,,VOLCANIC ROCK,,,,,WHOLE_ROCK [4773] ,318790.67000000004,3236.436,,83621.65800000001,,,,23085.81,14794.289999999999,4824.32,464.6748,,33372.03,37389.5928,610.9894,,,,,,,,,,,,,,,,2100.,,,,,,,,,,,,,,,,,,,,,,,,,,,,,,19,0,,,,0,,,,,,,,82,137,22,262,10,,,,,,,,,,,,,813,,,,,,,,,,,,,,,,,,,,,,,,,,,,,,,,,,,,,,,,,,,,,,,,,,,,,105467,
[4773],CONVERGENT MARGIN,MEXICAN VOLCANIC BELTS / TRANS MEXICAN VOLCANIC BELT / VERACRUZ / LOS HUMEROS CALDERA / ARENAS FLOWS / PACIFIC OCEAN,,19.5,19.83,-97.33,-97.58,SUBAERIAL,,,s LH92 [4773],RHYODACITE [4773],,,,,,,,,VOLCANIC ROCK,,,,,WHOLE_ROCK [4773] ,313181.45,4075.512,,84150.909,,,,27127.77,16009.28,5005.231999999999,542.1206000000001,,30549.52,40950.5064,829.1999000000001,,,,,,,,,,,,,,,,3700.,,,,,,,,,,,,,,,,,,,,,,,,,,,,,,,5,,,,0,,,,,,,,87,214,27,333,14,,,,,,,,,,,,,,,,,,,,,,,,,,,,,,,,,,,,,,,,,,,,,,,,,,,,,,,,,,,,,,,,,,105468,
[4682],CONVERGENT MARGIN,MEXICAN VOLCANIC BELTS / TRANS MEXICAN VOLCANIC BELT / MICHOACAN / MICHOACAN-GUANAJUATO VOLCANIC FIELD - PARICUTIN / PACIFIC OCEAN,,19.493,19.493,-102.251,-102.251,SUBAERIAL,,,s 108135 [4682],NOT GIVEN [4682],,,,,26,5,1943,,VOLCANIC ROCK,,,,,WHOLE_ROCK [4682] ,255873.91900000002,5573.862,,96641.23260000002,,16575.780000000002,38865,,53173.68,34674.799999999996,929.3496,,7222.305,31677.293899999997,1265.6209,,,,,,,,,,,,,,,,-2400.,,,,,,,,,,,,,,,,,,,,,,,,,,,,20.2,,135,163,,,29,109,41,90,,,,,,9,599,17.5,98,4.74,,,,,,,,,,,,0.31,290,11.86,24.33,3.14,14.17,3.6,1.19,3.45,0.55,3.29,0.66,1.75,0.26,1.6,0.24,2.68,0.3,,,,,,,,,4.6,,0.89,0.31,,,,,,,,,,,,,,,,,,,,,,,,,105807,
[4682],CONVERGENT MARGIN,MEXICAN VOLCANIC BELTS / TRANS MEXICAN VOLCANIC BELT / MICHOACAN / MICHOACAN-GUANAJUATO VOLCANIC FIELD - PARICUTIN / PACIFIC OCEAN,,19.493,19.493,-102.251,-102.251,SUBAERIAL,,,s 108139 [4682],NOT GIVEN [4682],,,,,1,8,1943,,VOLCANIC ROCK,,,,,WHOLE_ROCK [4682] ,261389.65200000003,5813.597999999999,,94524.2286,,14827.28,39409.11,,50100.47,32322.944,929.3496,,10127.83,32344.965200000002,1440.1893,,,,,,,,,,,,,,,,-2400.,,,,,,,,,,,,,,,,,,,,,,,,,,,,20.1,,131,153,,,27,88,37,84,,,,,,15.6,613,19.87,133,8.23,,,,,,,,,,,,0.46,365,16.26,32.46,4.02,17.73,4.2,1.37,3.99,0.63,3.75,0.74,1.98,0.28,1.78,0.28,3.39,0.53,,,,,,,,,5.92,,1.51,0.49,,,,,,,,,,,,,,,,,,,,,,,,,105808,
[4682],CONVERGENT MARGIN,MEXICAN VOLCANIC BELTS / TRANS MEXICAN VOLCANIC BELT / MICHOACAN / MICHOACAN-GUANAJUATO VOLCANIC FIELD - PARICUTIN / PACIFIC OCEAN,,19.493,19.493,-102.251,-102.251,SUBAERIAL,,,s 108153 [4682],NOT GIVEN [4682],,,,,23,1,1945,,VOLCANIC ROCK,,,,,WHOLE_ROCK [4682] ,260080.83400000003,6173.202,,92460.1497,,14197.819999999998,40808.25,,49600.18,34132.064,1006.7954,,11040.995,32122.4081,1571.1155999999999,,,,,,,,,,,,,,,,-900.,,,,,,,,,,,,,,,,,,,,,,,,,,,,20.1,,134,177,,,29,117,36,88,,,,,,17,592,21.64,155,10.04,,,,,,,,,,,,0.43,396,19.02,37.46,4.6,19.63,4.67,1.49,4.32,0.68,4.07,0.82,2.14,0.3,1.93,0.3,3.95,0.67,,,,,,,,,6.45,,1.78,0.53,,,,,,,,,,,,,,,,,,,,,,,,,105809,
[4682],CONVERGENT MARGIN,MEXICAN VOLCANIC BELTS / TRANS MEXICAN VOLCANIC BELT / MICHOACAN / MICHOACAN-GUANAJUATO VOLCANIC FIELD - PARICUTIN / PACIFIC OCEAN,,19.493,19.493,-102.251,-102.251,SUBAERIAL,,,s 116301-4 [4682],NOT GIVEN [4682],,,,,31,3,1948,,VOLCANIC ROCK,,,,,WHOLE_ROCK [4682] ,273449.47500000003,4914.588,,92354.2995,,15246.920000000002,32879.79,,45955.21,26594.064,851.9038,,12286.22,31899.851,1309.263,,,,,,,,,,,,,,,,100.,,,,,,,,,,,,,,,,,,,,,,,,,,,,16.8,,110,102,,,24,76,29,103,,,,,,21,536,18.4,144,7.14,,,,,,,,,,,,0.57,469,18,35.22,4.3,18.23,4.25,1.3,3.85,0.61,3.54,0.7,1.88,0.27,1.62,0.26,3.73,0.48,,,,,,,,,8.83,,1.76,0.51,,,,,,,,,,,,,,,,,,,,,,,,,105810,
[4470],CONVERGENT MARGIN,MEXICAN VOLCANIC BELTS / TRANS MEXICAN VOLCANIC BELT / JALISCO / COLIMA VOLCANIC COMPLEX / PACIFIC OCEAN,YOUNGER COLIMA RIFT (COLIMA GRABEN),19.5,19.5,-103.6,-103.6,SUBAERIAL,,,s 8H [4470],MINETTE [4470],,,,,,,,,PLUTONIC ROCK,,,,,WHOLE_ROCK [4470] ,,,,,,,,,,,,,,,,,,,,,,,,,,,,,,,,,,,,,,,,,,,,,,,,,,,,,,,,,,,,,,,,,,,,,,,,,,,,,,,,,,,,,,,,,,,,,,,,,,,,,,,,,,,,,,,,,,,,,,,,0.512048,,,0.70391,,,,,,,,,,,,,,,,,,,,,108150,
[4470],CONVERGENT MARGIN,MEXICAN VOLCANIC BELTS / TRANS MEXICAN VOLCANIC BELT / JALISCO / COLIMA VOLCANIC COMPLEX / PACIFIC OCEAN,YOUNGER COLIMA RIFT (COLIMA GRABEN),19.5,19.5,-103.6,-103.6,SUBAERIAL,,,s 7E [4470],MINETTE [4470],,,,,,,,,PLUTONIC ROCK,,,,,WHOLE_ROCK [4470] ,,,,,,,,,,,,,,,,,,,,,,,,,,,,,,,,,,,,,,,,,,,,,,,,,,,,,,,,,,,,,,,,,,,,,,,,,,,,,,,,,,,,,,,,,,,,,,,,,,,,,,,,,,,,,,,,,,,,,,,,0.51199,,,0.70388,,18.636,,15.559,,38.365,,,,,,,,,,,,,,,108151,
[4470],CONVERGENT MARGIN,MEXICAN VOLCANIC BELTS / TRANS MEXICAN VOLCANIC BELT / JALISCO / COLIMA VOLCANIC COMPLEX / PACIFIC OCEAN,YOUNGER COLIMA RIFT (COLIMA GRABEN),19.5,19.5,-103.6,-103.6,SUBAERIAL,,,s B43 [4470],"PORPHYRY, SPESSARTITE [4470]",,,,,,,,LAMPROPHYRIC [4470] ,VEIN,,,,,WHOLE_ROCK [4470] ,,,,,,,,,,,,,,,,,,,,,,,,,,,,,,,,,,,,,,,,,,,,,,,,,,,,,,,,,,,,,,,,,,,,,,,,,,,,,,,,,,,,,,,,,,,,,,,,,,,,,,,,,,,,,,,,,,,,,,,,0.512112,,,0.70385,,,,,,,,,,,,,,,,,,,,,108153,
[4470],CONVERGENT MARGIN,MEXICAN VOLCANIC BELTS / TRANS MEXICAN VOLCANIC BELT / JALISCO / COLIMA VOLCANIC COMPLEX / PACIFIC OCEAN,VOLCANCITO PARASITIC CONE ABOUT 1 KM FROM THE AXIS OF THE MAIN CRATER,19.51,19.51,-103.62,-103.62,SUBAERIAL,,,s 17B [4470],"ANDESITE, BASALTIC [4470]",,,,,,,,,VOLCANIC ROCK,,,,,WHOLE_ROCK [4470] ,,,,,,,,,,,,,,,,,,,,,,,,,,,,,,,,,,,,,,,,,,,,,,,,,,,,,,,,,,,,,,,,,,,,,,,,,,,,,,,,,,,,,,,,,,,,,,,,,,,,,,,,,,,,,,,,,,,,,,,,0.512098,,,0.70351,,,,,,,,,,,,,,,,,,,,,108160,
[4470],CONVERGENT MARGIN,MEXICAN VOLCANIC BELTS / TRANS MEXICAN VOLCANIC BELT / MICHOACAN / MICHOACAN-GUANAJUATO VOLCANIC FIELD - CERRO EL COMALITO / PACIFIC OCEAN,,19.902,19.902,-102.546,-102.546,SUBAERIAL,,,s 1050-400A [4470],"ANDESITE, BASALTIC [4470]",,,,,,,,,VOLCANIC ROCK,,,,,WHOLE_ROCK [4470] ,,,,,,,,,,,,,,,,,,,,,,,,,,,,,,,,,,,,,,,,,,,,,,,,,,,,,,,,,,,,,,,,,,,,,,,,,,,,,,,,,,,,,,,,,,,,,,,,,,,,,,,,,,,,,,,,,,,,,,,,0.512039,,,0.70385,,,,,,,,,,,,,,,,,,,,,108163,
[4470],CONVERGENT MARGIN,MEXICAN VOLCANIC BELTS / TRANS MEXICAN VOLCANIC BELT / MICHOACAN / MICHOACAN-GUANAJUATO VOLCANIC FIELD - LA CAL / PACIFIC OCEAN,,20.538,20.538,-101.216,-101.216,SUBAERIAL,,,s 1050-558A [4470],"BASALT, ANDESITIC [4470]",,,,,,,,,VOLCANIC ROCK,,,,,WHOLE_ROCK [4470] ,,,,,,,,,,,,,,,,,,,,,,,,,,,,,,,,,,,,,,,,,,,,,,,,,,,,,,,,,,,,,,,,,,,,,,,,,,,,,,,,,,,,,,,,,,,,,,,,,,,,,,,,,,,,,,,,,,,,,,,,0.512005,,,0.70375,,,,,,,,,,,,,,,,,,,,,108164,
[4470],CONVERGENT MARGIN,MEXICAN VOLCANIC BELTS / TRANS MEXICAN VOLCANIC BELT / MICHOACAN / MICHOACAN-GUANAJUATO VOLCANIC FIELD - LA CAL / PACIFIC OCEAN,,20.538,20.538,-101.216,-101.216,SUBAERIAL,,,s 1050-540G [4470],GRANODIORITE [4470],,,,,,,,,PLUTONIC ROCK,,,,,WHOLE_ROCK [4470] ,,,,,,,,,,,,,,,,,,,,,,,,,,,,,,,,,,,,,,,,,,,,,,,,,,,,,,,,,,,,,,,,,,,,,,,,,,,,,,,,,,,,,,,,,,,,,,,,,,,,,,,,,,,,,,,,,,,,,,,,0.512001,,,0.7055,,,,,,,,,,,,,,,,,,,,,108167,
[4470],CONVERGENT MARGIN,MEXICAN VOLCANIC BELTS / TRANS MEXICAN VOLCANIC BELT / JALISCO / MASCOTA VOLCANIC COMPLEX / PACIFIC OCEAN,,20.4,20.67,-104.67,-104.9,SUBAERIAL,,,s MAS-4B [4470],GRANITE [4470],,,,,,,,,PLUTONIC ROCK,,,,,WHOLE_ROCK [4470] ,,,,,,,,,,,,,,,,,,,,,,,,,,,,,,,,,,,,,,,,,,,,,,,,,,,,,,,,,,,,,,,,,,,,,,,,,,,,,,,,,,,,,,,,,,,,,,,,,,,,,,,,,,,,,,,,,,,,,,,,,,,,,18.804,,15.618,,38.662,,,,,,,,,,,,,,,108168,
[4835],CONVERGENT MARGIN,MEXICAN VOLCANIC BELTS / TRANS MEXICAN VOLCANIC BELT / NAYARIT / CERRO CEBADILLA / PACIFIC OCEAN,"FLOW FRONT AT CERRO LA CEBADILLA, JUST WEST JALCOCOTAN",21.4785,21.4785,-105.109,-105.109,SUBAERIAL,,,s M79-3 [4835],"ANDESITE, HORNBLENDE [4835]",,,,,,,,,VOLCANIC ROCK,,,,,WHOLE_ROCK [4835] ,289155.291,4015.578,,92671.85010000001,,9791.599999999999,23863.109999999997,,38164.979999999996,13327.184,697.0122,,16436.97,31751.479600000002,610.9894,,,,,,,,,,,,,,,,13000.,,,,,,,,,,,,,,,,,,,,,,,,,,,,9.91,,101,9,,,12.2,15,20,63,,,,,,28,751,13,166,,,,,,,,,,,,,0.3,736,19.7,41.2,,20.4,3.46,1.11,,0.46,2.66,,,,1.53,0.24,4.1,0.762,,,,,,,,,,,3.14,0.87,0.51281,,,,,18.731,,15.613,,38.528,,,,,,,,,,,,,,,108212,
[4835],CONVERGENT MARGIN,MEXICAN VOLCANIC BELTS / TRANS MEXICAN VOLCANIC BELT / NAYARIT / CERRO LA YERBA / PACIFIC OCEAN,BLOCK FROM REMNANTS OF LAVA FLOW ON SOUTH SIDE OF CERRO LA YERBA,21.5103,21.5103,-105.0702,-105.0702,SUBAERIAL,,,s M79-7 [4835],ANDESITE [4835],,,,,,,,,VOLCANIC ROCK,,,,,WHOLE_ROCK [4835] ,289155.291,4075.512,,93148.176,,8742.5,24407.22,,39451.439999999995,15015.696,619.5664,,19176.465,28042.1946,654.6315,,,,,,,,,,,,,,,,14400.,,,,,,,,,,,,,,,,,,,,,,,,,,,,,,,,,,,18,20,57,,,,,,29,655,18,143,,,,,,,,,,,,,,1042,,,,,,,,,,,,,,,,,,,,,,,,,,,,,,,,,,,,,,,,,,,,,,,,,,,,,108213,
