Citations,Tectonic Setting,Location,Location Comment,Latitude (Min),Latitude (Max),Longitude (Min),Longitude (Max),Land or Sea,Elevation (Min),Elevation (Max),Sample Name,Rock Name,"Age (a, Min)","Age (a, Max)",Geol,Age,Eruption Day,Eruption Month,Eruption Year,Rock Texture,Rock Type,Drill Depth (Min),Drill Depth (Max),Alteration,Mineral,Material,Si,Ti,B,Al,Cr,Fe3+,Fe2+,Fetot(2+),Ca,Mg,Mn,Ni,K,Na,P,H2O,H2OP,H2OM,H2Otot,CO2,CO,F,Cl,Cl2,OH,CH4,SO2,SO3,SO4,S,LOI,Volatiles,O,Others,HE(CCM/G),HE(CCMSTP/G),HE3(CCMSTP/G),HE3(AT/G),HE4(CCM/G),HE4(CCMSTP/G),HE4(AT/G),HE4(MOLE/G),HE4(NCC/G),HE(NCC/G),Li,Be,B,C,CO2,F,Na,Mg,Al,P,S,Cl,K,Ca,Sc,Ti,V,Cr,Mn,Fe,Co,Ni,Cu,Zn,Ga,Ge,As,Se,Br,Rb,Sr,Y,Zr,Nb,Mo,Ru,Rh,Pd,Ag,Cd,In,Sn,Sb,Te,I,Cs,Ba,La,Ce,Pr,Nd,Sm,Eu,Gd,Tb,Dy,Ho,Er,Tm,Yb,Lu,Hf,Ta,W,Re,Os,Ir,Pt,Au,Hg,Tl,Pb,Bi,Th,U,Nd143/Nd144,Nd143/Nd144 initial,e Nd,Sr87/Sr86,SR87_SR86_INI,PB206_PB204,PB206_PB204_INI,PB207_PB204,PB207_PB204_INI,PB208_PB204,PB208_PB204_INI,OS184_OS188,OS186_OS188,OS187_OS186,OS187_OS188,RE187_OS186,RE187_OS188,HF176_HF177,HE3_HE4,HE3_HE4(R/R(A)),HE4_HE3,HE4_HE3(R/R(A)),K40_AR40,AR40_K40,Unique Id,
[3930],CONVERGENT MARGIN,NEW HEBRIDES ARC - VANUATU ARCHIPELAGO / NORTH FIJI BASIN / DREDGE 1 / PACIFIC OCEAN,,-16.815,-16.815,176.015,176.015,SUBAQUATIC,-2100,-2300,s 1/4 [3930],BASALT [3930],,,,,,,,,VOLCANIC ROCK,,,,,VOLCANIC GLASS [3930] ,237877.67150000003,6592.74,,78699.6237,,,,76874.97,87836.62999999999,48122.592,1471.4702,,664.12,16172.482600000001,829.1999000000001,,,,,,,,,,,,,,,,,,,,,,,,,,,,,,,,,,,,,,,,,,,,,,,,,,,,,,,,,,,,,,,,,,,,,,,,,,,,,,,,,,,,,,,,,,,,,,,,,,,,,,,,,,,,,,,,,,,,,,,,,,,,,,,,,102843,
[3930],CONVERGENT MARGIN,NEW HEBRIDES ARC - VANUATU ARCHIPELAGO / NORTH FIJI BASIN / DREDGE 2 / PACIFIC OCEAN,,-16.185,-16.185,173.587,173.587,SUBAQUATIC,-3200,-3500,s 2/1 [3930],BASALT [3930],,,,,,,,,VOLCANIC ROCK,,,,,VOLCANIC GLASS [3930] ,235166.54850000003,10548.384,,74889.0165,,,,93742.38,84477.54000000001,42514.32,1703.8076,,1079.195,17878.7537,1091.0525,,,,,,,,,,,,,,,,,,,,,,,,,,,,,,,,,,,,,,,,,,,,,,,,,,,,,,,,,,,,,,,,,,,,,,,,,,,,,,,,,,,,,,,,,,,,,,,,,,,,,,,,,,,,,,,,,,,,,,,,,,,,,,,,,102844,
[3930],CONVERGENT MARGIN,NEW HEBRIDES ARC - VANUATU ARCHIPELAGO / NORTH FIJI BASIN / DREDGE 2 / PACIFIC OCEAN,,-16.185,-16.185,173.587,173.587,SUBAQUATIC,-3200,-3500,s 2/11 [3930],BASALT [3930],,,,,,,,,VOLCANIC ROCK,,,,,VOLCANIC GLASS [3930] ,234886.08750000002,10008.978,,76953.0954,,,,87834.90000000001,83762.84000000001,43961.615999999995,1471.4702,,1328.24,17285.2681,1047.4104,,,,,,,,,,,,,,,,,,,,,,,,,,,,,,,,,,,,,,,,,,,,,,,,,,,,,,,,,,,,,,,,,,,,,,,,,,,,,,,,,,,,,,,,,,,,,,,,,,,,,,,,,,,,,,,,,,,,,,,,,,,,,,,,,102845,
[3930],CONVERGENT MARGIN,NEW HEBRIDES ARC - VANUATU ARCHIPELAGO / NORTH FIJI BASIN / DREDGE 4 / PACIFIC OCEAN,,-16.358,-16.358,173.588,173.588,SUBAQUATIC,-3150,-3750,s 4/1 [3930],BASALT [3930],,,,,,,,,VOLCANIC ROCK,,,,,VOLCANIC GLASS [3930] ,235867.70100000003,10428.516,,86585.4636,,,,63039.03,77330.54000000001,44564.655999999995,1161.687,,4482.81,22775.009899999997,1352.9051,,,,,,,,,,,,,,,,,,,,,,,,,,,,,,,,,,,,,,,,,,,,,,,,,,,,,,,,,,,,,,,,,,,,,,,,,,,,,,,,,,,,,,,,,,,,,,,,,,,,,,,,,,,,,,,,,,,,,,,,,,,,,,,,,102846,
[3930],CONVERGENT MARGIN,NEW HEBRIDES ARC - VANUATU ARCHIPELAGO / NORTH FIJI BASIN / DREDGE 4 / PACIFIC OCEAN,,-16.358,-16.358,173.588,173.588,SUBAQUATIC,-3150,-3750,s 4/11 [3930],BASALT [3930],,,,,,,,,VOLCANIC ROCK,,,,,VOLCANIC GLASS [3930] ,239233.233,7791.42,,82880.7066,,,,66459.15000000001,85692.53,46072.255999999994,1239.1328,,3403.615,18620.610699999997,1178.3367,,,,,,,,,,,,,,,,,,,,,,,,,,,,,,,,,,,,,,,,,,,,,,,,,,,,,,,,,,,,,,,,,,,,,,,,,,,,,,,,,,,,,,,,,,,,,,,,,,,,,,,,,,,,,,,,,,,,,,,,,,,,,,,,,102847,
[3930],CONVERGENT MARGIN,NEW HEBRIDES ARC - VANUATU ARCHIPELAGO / NORTH FIJI BASIN / DREDGE 4 / PACIFIC OCEAN,,-16.358,-16.358,173.588,173.588,SUBAQUATIC,-3150,-3750,s 4/7 [3930],BASALT [3930],,,,,,,,,VOLCANIC ROCK,,,,,VOLCANIC GLASS [3930] ,231801.01650000003,16122.246,,88173.2166,,,,61639.89,72113.23,35277.84,1239.1328,,10874.965,25519.8808,2356.6734,,,,,,,,,,,,,,,,,,,,,,,,,,,,,,,,,,,,,,,,,,,,,,,,,,,,,,,,,,,,,,,,,,,,,,,,,,,,,,,,,,,,,,,,,,,,,,,,,,,,,,,,,,,,,,,,,,,,,,,,,,,,,,,,,102848,
[3930],CONVERGENT MARGIN,NEW HEBRIDES ARC - VANUATU ARCHIPELAGO / NORTH FIJI BASIN / DREDGE 5 / PACIFIC OCEAN,,-16.813,-16.813,174.1,174.1,SUBAQUATIC,-2925,-2975,s 5/4 [3930],BASALT [3930],,,,,,,,,VOLCANIC ROCK,,,,,VOLCANIC GLASS [3930] ,238111.389,8510.627999999999,,76476.7695,,,,85503,84977.83,41670.064,1626.3618,,1245.225,21068.7388,916.4841,,,,,,,,,,,,,,,,,,,,,,,,,,,,,,,,,,,,,,,,,,,,,,,,,,,,,,,,,,,,,,,,,,,,,,,,,,,,,,,,,,,,,,,,,,,,,,,,,,,,,,,,,,,,,,,,,,,,,,,,,,,,,,,,,102849,
[3930],CONVERGENT MARGIN,NEW HEBRIDES ARC - VANUATU ARCHIPELAGO / NORTH FIJI BASIN / DREDGE 6 / PACIFIC OCEAN,,-17.065,-17.065,173.913,173.913,SUBAQUATIC,-2000,-2040,s 6/10 [3930],BASALT [3930],,,,,,,,,VOLCANIC ROCK,,,,,VOLCANIC GLASS [3930] ,237503.72350000002,7671.552,,79228.8747,,,,75164.91,87693.69,45288.304,1471.4702,,1079.195,20030.139,916.4841,,,,,,,,,,,,,,,,,,,,,,,,,,,,,,,,,,,,,,,,,,,,,,,,,,,,,,,,,,,,,,,,,,,,,,,,,,,,,,,,,,,,,,,,,,,,,,,,,,,,,,,,,,,,,,,,,,,,,,,,,,,,,,,,,102850,
[3930],CONVERGENT MARGIN,NEW HEBRIDES ARC - VANUATU ARCHIPELAGO / NORTH FIJI BASIN / DREDGE 6 / PACIFIC OCEAN,,-17.065,-17.065,173.913,173.913,SUBAQUATIC,-2000,-2040,s 6/7 [3930],BASALT [3930],,,,,,,,,VOLCANIC ROCK,,,,,VOLCANIC GLASS [3930] ,236755.8275,9109.967999999999,,78223.2978,,,,79906.43999999999,84334.6,41609.76,1471.4702,,1162.21,21884.7815,1003.7683000000001,,,,,,,,,,,,,,,,,,,,,,,,,,,,,,,,,,,,,,,,,,,,,,,,,,,,,,,,,,,,,,,,,,,,,,,,,,,,,,,,,,,,,,,,,,,,,,,,,,,,,,,,,,,,,,,,,,,,,,,,,,,,,,,,,102851,
[3930],CONVERGENT MARGIN,NEW HEBRIDES ARC - VANUATU ARCHIPELAGO / NORTH FIJI BASIN / DREDGE 6 / PACIFIC OCEAN,,-17.065,-17.065,173.913,173.913,SUBAQUATIC,-2000,-2040,s 6C [3930],BASALT [3930],,,,,,,,,VOLCANIC ROCK,,,,,VOLCANIC GLASS [3930] ,234605.6265,10967.922,,82033.905,,,,75164.91,79903.45999999999,41187.632,1394.0244,,4233.765,21736.4101,1309.263,,,,,,,,,,,,,,,,,,,,,,,,,,,,,,,,,,,,,,,,,,,,,,,,,,,,,,,,,,,,,,,,,,,,,,,,,,,,,,,,,,,,,,,,,,,,,,,,,,,,,,,,,,,,,,,,,,,,,,,,,,,,,,,,,102852,
[3930],CONVERGENT MARGIN,NEW HEBRIDES ARC - VANUATU ARCHIPELAGO / NORTH FIJI BASIN / DREDGE 7 / PACIFIC OCEAN,,-15.097,-15.097,173.257,173.257,SUBAQUATIC,-3010,-4080,s 7/8 [3930],BASALT [3930],,,,,,,,,VOLCANIC ROCK,,,,,VOLCANIC GLASS [3930] ,236662.34050000002,9169.902,,73407.1137,,,,92809.62,82190.5,42574.623999999996,1703.8076,,664.12,17656.1966,960.1262,,,,,,,,,,,,,,,,,,,,,,,,,,,,,,,,,,,,,,,,,,,,,,,,,,,,,,,,,,,,,,,,,,,,,,,,,,,,,,,,,,,,,,,,,,,,,,,,,,,,,,,,,,,,,,,,,,,,,,,,,,,,,,,,,102853,
[3930],CONVERGENT MARGIN,NEW HEBRIDES ARC - VANUATU ARCHIPELAGO / NORTH FIJI BASIN / DREDGE 10 / PACIFIC OCEAN,,-15.837,-15.837,173.408,173.408,SUBAQUATIC,-3583,-3630,s 10/1 [3930],BASALT [3930],,,,,,,,,VOLCANIC ROCK,,,,,VOLCANIC GLASS [3930] ,233764.2435,8031.156,,83304.10740000001,,,,71744.79000000001,83905.78,46494.384,1471.4702,,1909.345,19807.581899999997,1047.4104,,,,,,,,,,,,,,,,,,,,,,,,,,,,,,,,,,,,,,,,,,,,,,,,,,,,,,,,,,,,,,,,,,,,,,,,,,,,,,,,,,,,,,,,,,,,,,,,,,,,,,,,,,,,,,,,,,,,,,,,,,,,,,,,,102854,
[3930],CONVERGENT MARGIN,NEW HEBRIDES ARC - VANUATU ARCHIPELAGO / NORTH FIJI BASIN / DREDGE 10 / PACIFIC OCEAN,,-15.837,-15.837,173.408,173.408,SUBAQUATIC,-3583,-3630,s 10/5 [3930],BASALT [3930],,,,,,,,,VOLCANIC ROCK,,,,,VOLCANIC GLASS [3930] ,233250.065,13305.348,,87061.7895,,,,57597.93,74900.56,42695.231999999996,1084.2412000000002,,9712.755,20846.1817,2225.7471,,,,,,,,,,,,,,,,,,,,,,,,,,,,,,,,,,,,,,,,,,,,,,,,,,,,,,,,,,,,,,,,,,,,,,,,,,,,,,,,,,,,,,,,,,,,,,,,,,,,,,,,,,,,,,,,,,,,,,,,,,,,,,,,,102855,
[3930],CONVERGENT MARGIN,NEW HEBRIDES ARC - VANUATU ARCHIPELAGO / NORTH FIJI BASIN / DREDGE 11 / PACIFIC OCEAN,,-13.285,-13.285,173.94,173.94,SUBAQUATIC,-2175,-2300,s 11/4 [3930],BASALT [3930],,,,,,,,,VOLCANIC ROCK,,,,,VOLCANIC GLASS [3930] ,242879.22600000002,16721.586,,69120.1806,,,,103614.09,62750.659999999996,28523.792,1703.8076,,4814.87,22700.8242,1614.7576999999999,,,,,,,,,,,,,,,,,,,,,,,,,,,,,,,,,,,,,,,,,,,,,,,,,,,,,,,,,,,,,,,,,,,,,,,,,,,,,,,,,,,,,,,,,,,,,,,,,,,,,,,,,,,,,,,,,,,,,,,,,,,,,,,,,102856,
[3930],CONVERGENT MARGIN,NEW HEBRIDES ARC - VANUATU ARCHIPELAGO / NORTH FIJI BASIN / DREDGE 13 / PACIFIC OCEAN,,-13.565,-13.565,175.902,175.902,SUBAQUATIC,,-335,s 13/5 [3930],BASALT [3930],,,,,,,,,VOLCANIC ROCK,,,,,VOLCANIC GLASS [3930] ,238906.02850000001,15462.972,,82669.0062,,,,63660.869999999995,67610.62000000001,29850.48,1161.687,,13282.400000000001,28487.3088,1832.9682,,,,,,,,,,,,,,,,,,,,,,,,,,,,,,,,,,,,,,,,,,,,,,,,,,,,,,,,,,,,,,,,,,,,,,,,,,,,,,,,,,,,,,,,,,,,,,,,,,,,,,,,,,,,,,,,,,,,,,,,,,,,,,,,,102857,
[3930],CONVERGENT MARGIN,NEW HEBRIDES ARC - VANUATU ARCHIPELAGO / NORTH FIJI BASIN / DREDGE 1 / PACIFIC OCEAN,,-16.815,-16.815,176.015,176.015,SUBAQUATIC,-2100,-2300,s 1/2 [3930],BASALT [3930],,,,,,,,,VOLCANIC ROCK,,,,,WHOLE_ROCK [3930] ,236802.571,7192.079999999999,,80975.403,,13708.24,61328.969999999994,,87479.28,48966.84799999999,1626.3618,,913.165,15875.739800000001,480.0631,,1700.0000000000002,1700.0000000000002,,1400.0000000000002,,,,,,,,,,800.,,,,,,,,,,,,,,,,,,,,,,,,,,,,,,,,,,,,,,,,,,,,,,,,,,,,,,,,,,,,,,,,,,,,,,,,,,,,,,,,,,,,,,,,,,,,,,,,,,,,,,,,,,,,,,,,,,103372,
[3930],CONVERGENT MARGIN,NEW HEBRIDES ARC - VANUATU ARCHIPELAGO / NORTH FIJI BASIN / DREDGE 2 / PACIFIC OCEAN,,-16.185,-16.185,173.587,173.587,SUBAQUATIC,-3200,-3500,s 2/1 [3930],BASALT [3930],,,,,,,,,VOLCANIC ROCK,,,,,WHOLE_ROCK [3930] ,230725.91600000003,10068.911999999998,,76106.29380000001,,27276.6,63272.22,,84048.72,41187.632,1781.2534,,2490.45,18027.1251,785.5577999999999,,8100.000000000001,3500.,,700.0000000000001,,,,,,,,,,600.,,,,,,,,,,,,,,,,,,,,,,,,,,,,,41.7,,356,235,,,,63,85,108,22,,,,,5,87,40,95,4,,,,,,,,,,,,,23,3.6,11.2,1.77,10.9,3.29,1.33,5.11,,6.58,,4.4,,4.2,,,,,,,,,,,,2,,,,,,,,,,,,,,,,,,,,,,,,,,,,103373,
[3930],CONVERGENT MARGIN,NEW HEBRIDES ARC - VANUATU ARCHIPELAGO / NORTH FIJI BASIN / DREDGE 2 / PACIFIC OCEAN,,-16.185,-16.185,173.587,173.587,SUBAQUATIC,-3200,-3500,s 2/11 [3930],BASALT [3930],,,,,,,,,VOLCANIC ROCK,,,,,WHOLE_ROCK [3930] ,230258.481,11327.525999999998,,77905.74720000001,,18044.52,66770.06999999999,,82476.37999999999,43057.056,1703.8076,,2407.435,18398.0536,916.4841,,4100.,4700.,,2700.,,,,,,,,,,700.0000000000001,,,,,,,,,,,,,,,,,,,,,,,,,,,,,37.4,,432,281,,,,108,66,109,20,,,,,4,116,40,114,5,,,,,,,,,,,,,40,5.7,15.9,2.3,12.7,3.72,1.27,5.2,,6.91,,4.55,,4.09,,,,,,,,,,,,,,,,,,,,,,,,,,,,,,,,,,,,,,,,103374,
[3930],CONVERGENT MARGIN,NEW HEBRIDES ARC - VANUATU ARCHIPELAGO / NORTH FIJI BASIN / DREDGE 4 / PACIFIC OCEAN,,-16.358,-16.358,173.588,173.588,SUBAQUATIC,-3150,-3750,s 4/1 [3930],BASALT [3930],,,,,,,,,VOLCANIC ROCK,,,,,WHOLE_ROCK [3930] ,233156.57800000004,10488.449999999999,,83780.4333,,13568.359999999999,50291.31,,74614.68,51740.831999999995,1394.0244,,5478.990000000001,22255.71,1178.3367,,6500.,4900.,,900.,,,,,,,,,,400.,,,,,,,,,,,,,,,,,,,,,,,,,,,,,34.2,,366,315,,,,153,90,76,18,,,,,13,242,28,121,17,,,,,,,,,,,,,128,10.3,23.9,3.15,15,3.47,1.23,4.36,,5.01,,3.07,,2.67,,,,,,,,,,,,,,2,,,,,,,,,,,,,,,,,,,,,,,,,,103375,
[3930],CONVERGENT MARGIN,NEW HEBRIDES ARC - VANUATU ARCHIPELAGO / NORTH FIJI BASIN / DREDGE 4 / PACIFIC OCEAN,,-16.358,-16.358,173.588,173.588,SUBAQUATIC,-3150,-3750,s 4/11 [3930],BASALT [3930],,,,,,,,,VOLCANIC ROCK,,,,,WHOLE_ROCK [3930] ,236662.34050000002,7911.288,,86850.0891,,14897.22,45627.51,,87193.4,44142.528,1239.1328,,3818.69,19659.210499999997,785.5577999999999,,6100.,4400.,,400.,,,,,,,,,,500.,,,,,,,,,,,,,,,,,,,,,,,,,,,,,32.6,,250,211,,,,84,115,73,17,,,,,10,270,21,79,12,,,,,,,,,,,,,115,7.7,17.6,2.38,11.3,3.14,1.14,3.42,,3.76,,2.19,,1.85,,,,,,,,,,,,6,,1,,,,,,,,,,,,,,,,,,,,,,,,,,103376,
[3930],CONVERGENT MARGIN,NEW HEBRIDES ARC - VANUATU ARCHIPELAGO / NORTH FIJI BASIN / DREDGE 4 / PACIFIC OCEAN,,-16.358,-16.358,173.588,173.588,SUBAQUATIC,-3150,-3750,s 4/7 [3930],BASALT [3930],,,,,,,,,VOLCANIC ROCK,,,,,WHOLE_ROCK [3930] ,229183.38050000003,14504.027999999998,,86903.01420000002,,13848.119999999999,46560.270000000004,,69468.84000000001,48122.592,1239.1328,,10210.845,24778.0238,2269.3892,,9900.,5100.,,1800.,,,,,,,,,,400.,,,,,,,,,,,,,,,,,,,,,,,,,,,,,29.1,,364,286,,,,145,44,78,22,,,,,20,406,29,196,46,,,,,,,,,,,,,333,26.6,53.5,6.52,27.5,5.3,1.51,5.61,,5.66,,2.96,,2.34,,,,,,,,,,,,1,,2,,,,,,,,,,,,,,,,,,,,,,,,,,103377,
[3930],CONVERGENT MARGIN,NEW HEBRIDES ARC - VANUATU ARCHIPELAGO / NORTH FIJI BASIN / DREDGE 5 / PACIFIC OCEAN,,-16.813,-16.813,174.1,174.1,SUBAQUATIC,-2925,-2975,s 5/4 [3930],BASALT [3930],,,,,,,,,VOLCANIC ROCK,,,,,WHOLE_ROCK [3930] ,237270.00600000002,7911.288,,77323.5711,,15806.439999999999,60629.4,,86907.52,46614.992,1626.3618,,913.165,20030.139,523.7052,,800.,1200.,,200.,,,,,,,,,,1100.,,,,,,,,,,,,,,,,,,,,,,,,,,,,,41.2,,288,117,,,,49,125,85,15,,,,,3,129,30,69,3,,,,,,,,,,,,,27,3,9.5,1.63,8.4,2.87,1.24,4.06,,4.93,,3.19,,3.1,,,,,,,,,,,,,,4,1,,,,,,,,,,,,,,,,,,,,,,,,,103378,
[3930],CONVERGENT MARGIN,NEW HEBRIDES ARC - VANUATU ARCHIPELAGO / NORTH FIJI BASIN / DREDGE 6 / PACIFIC OCEAN,,-17.065,-17.065,173.913,173.913,SUBAQUATIC,-2000,-2040,s 6/10 [3930],BASALT [3930],,,,,,,,,VOLCANIC ROCK,,,,,WHOLE_ROCK [3930] ,235774.214,7791.42,,80499.07710000001,,14197.819999999998,56587.44,,88551.33,48303.50399999999,1548.9160000000002,,1162.21,20252.696099999997,567.3473,,2700.,900.,,1200.,,,,,,,,,,800.,,,,,,,,,,,,,,,,,,,,,,,,,,,,,40.7,,267,258,,,,71,179,83,14,,,,,2,144,28,74,5,,,,,,,,,,,,,30,3.7,10.2,1.39,8.2,2.1,0.8,3.18,,4.14,,2.61,,2.37,,,,,,,,,,,,3,,3,1,,,,,,,,,,,,,,,,,,,,,,,,,103379,
[3930],CONVERGENT MARGIN,NEW HEBRIDES ARC - VANUATU ARCHIPELAGO / NORTH FIJI BASIN / DREDGE 6 / PACIFIC OCEAN,,-17.065,-17.065,173.913,173.913,SUBAQUATIC,-2000,-2040,s 6/7 [3930],BASALT [3930],,,,,,,,,VOLCANIC ROCK,,,,,WHOLE_ROCK [3930] ,234465.396,9529.506,,77641.1217,,22730.5,56976.090000000004,,84334.6,43660.096,1703.8076,,1909.345,21365.4816,698.2736,,3900.,2600.,,,,,,,,,,,,1000.,,,,,,,,,,,,,,,,,,,,,,,,,,,,,42.3,,310,164,,,,57,99,92,20,,,,,4,156,33,102,2,,,,,,,,,,,,,25,4.1,12.4,1.95,10.7,2.81,1.14,4.19,,5.31,,3.4,,3.22,,,,,,,,,,,,5,,2,,,,,,,,,,,,,,,,,,,,,,,,,,103380,
[3930],CONVERGENT MARGIN,NEW HEBRIDES ARC - VANUATU ARCHIPELAGO / NORTH FIJI BASIN / DREDGE 7 / PACIFIC OCEAN,,-15.097,-15.097,173.257,173.257,SUBAQUATIC,-3010,-4080,s 7/8 [3930],BASALT [3930],,,,,,,,,VOLCANIC ROCK,,,,,WHOLE_ROCK [3930] ,241476.921,10308.648,,77429.4213,,21261.760000000002,50135.85,,87336.34000000001,42031.888,1781.2534,,1079.195,20104.324699999997,698.2736,,3600.,2100.,,,,,,,,,,,,,,,,,,,,,,,,,,,,,,,,,,,,,,,,,45.2,,371,246,,,,80,126,113,20,,,,,2,131,40,91,3,,,,,,,,,,,,,38,3.4,10.3,1.44,9.7,3.58,1.28,4.9,,6.5,,4.58,,4.16,,,,,,,,,,,,2,,2,,,,,,,,,,,,,,,,,,,,,,,,,,103381,
[3930],CONVERGENT MARGIN,NEW HEBRIDES ARC - VANUATU ARCHIPELAGO / NORTH FIJI BASIN / DREDGE 10 / PACIFIC OCEAN,,-15.837,-15.837,173.408,173.408,SUBAQUATIC,-3583,-3630,s 10/1 [3930],BASALT [3930],,,,,,,,,VOLCANIC ROCK,,,,,WHOLE_ROCK [3930] ,229884.53300000002,8330.826,,81557.5791,,22450.739999999998,50058.12,,82762.26,52343.871999999996,1471.4702,,2490.45,18620.610699999997,741.9157,,5100.,4800.,,300.,,,,,,,,,,400.,,,,,,,,,,,,,,,,,,,,,,,,,,,,,37.1,,269,400,,,,149,107,88,18,,,,,5,164,28,84,7,,,,,,,,,,,,,50,5.5,14.1,1.9,9.5,2.67,0.98,3.45,,4.57,,2.85,,2.66,,,,,,,,,,,,4,,2,,,,,,,,,,,,,,,,,,,,,,,,,,103382,
[3930],CONVERGENT MARGIN,NEW HEBRIDES ARC - VANUATU ARCHIPELAGO / NORTH FIJI BASIN / DREDGE 10 / PACIFIC OCEAN,,-15.837,-15.837,173.408,173.408,SUBAQUATIC,-3583,-3630,s 10/5 [3930],BASALT [3930],,,,,,,,,VOLCANIC ROCK,,,,,WHOLE_ROCK [3930] ,228341.99750000003,13245.413999999999,,83251.1823,,15176.98,45238.86,,72613.52,51198.096,1316.5786,,8799.59,20252.696099999997,2269.3892,,11000.,8700.,,1100.,,,,,,,,,,600.,,,,,,,,,,,,,,,,,,,,,,,,,,,,,31.7,,259,413,,,,170,77,82,21,,,,,24,376,29,204,54,,,,,,,,,,,,,359,32.7,66.1,7.41,31.8,6.11,1.93,6.11,,5.84,,3.29,,2.5,,,,,,,,,,,,2,,3,,,,,,,,,,,,,,,,,,,,,,,,,,103383,
[3930],CONVERGENT MARGIN,NEW HEBRIDES ARC - VANUATU ARCHIPELAGO / NORTH FIJI BASIN / DREDGE 11 / PACIFIC OCEAN,,-13.285,-13.285,173.94,173.94,SUBAQUATIC,-2175,-2300,s 11/4 [3930],BASALT [3930],,,,,,,,,VOLCANIC ROCK,,,,,WHOLE_ROCK [3930] ,241710.63850000003,16601.718,,70496.2332,,22310.86,74154.42,,64608.88,31177.167999999998,1781.2534,,5146.93,20252.696099999997,1571.1155999999999,,9100.,3400.0000000000005,,2000.,,,,,,,,,,1100.,,,,,,,,,,,,,,,,,,,,,,,,,,,,,34.9,,329,51,,,,31,119,139,20,,,,,13,251,40,183,21,,,,,,,,,,,,,158,14.1,34.4,4.53,23.4,6.83,2.65,7.91,,7.98,,4.35,,3.55,,,,,,,,,,,,1,,6,,,,,,,,,,,,,,,,,,,,,,,,,,103384,
[3930],CONVERGENT MARGIN,NEW HEBRIDES ARC - VANUATU ARCHIPELAGO / NORTH FIJI BASIN / DREDGE 13 / PACIFIC OCEAN,,-13.565,-13.565,175.902,175.902,SUBAQUATIC,,-335,s 13/5 [3930],BASALT [3930],,,,,,,,,VOLCANIC ROCK,,,,,WHOLE_ROCK [3930] ,234979.57450000005,12286.469999999998,,91719.19829999999,,9581.78,48503.520000000004,,71327.06,41609.76,1316.5786,,9878.785,26781.037699999997,1571.1155999999999,,5400.,2100.,,1900.,,,,,,,,,,400.,,,,,,,,,,,,,,,,,,,,,,,,,,,,,29.8,,221,192,,,,79,39,77,23,,,,,37,315,31,152,34,,,,,,,,,,,,,349,16.5,34,4.17,17.8,4.5,1.57,5.01,,5.28,,3.19,,2.75,,,,,,,,,,,,5,,4,1,,,,,,,,,,,,,,,,,,,,,,,,,103385,
[3930],CONVERGENT MARGIN,NEW HEBRIDES ARC - VANUATU ARCHIPELAGO / NORTH FIJI BASIN / ROTUMA / PACIFIC OCEAN,,-12.5,-12.5,177,177,SUBAQUATIC,,,s R32 [3930],BASALT [3930],,,,,,,,,VOLCANIC ROCK,,,,,WHOLE_ROCK [3930] ,230351.96800000002,11806.998,,88067.36640000001,,26717.079999999998,33657.090000000004,,73471.15999999999,51861.439999999995,1161.687,,13033.355000000001,19362.467699999997,1614.7576999999999,,4100.,1600.,,500.,,,,,,,,,,,,,,,,,,,,,,,,,,,,,,,,,,,,,,,28.9,,261,293,,,,137,55,67,18,,,,,41,437,25,183,40,,,,,,,,,,,,,419,24.3,49.4,,24.2,5.1,1.7,,,,,,,2.08,0.31,,,,,,,,,,,4,,3,2,,,,,,,,,,,,,,,,,,,,,,,,,103386,
[3930],CONVERGENT MARGIN,NEW HEBRIDES ARC - VANUATU ARCHIPELAGO / NORTH FIJI BASIN / ROTUMA / PACIFIC OCEAN,,-12.5,-12.5,177,177,SUBAQUATIC,,,s R76 [3930],BASALT [3930],,,,,,,,,VOLCANIC ROCK,,,,,WHOLE_ROCK [3930] ,237270.00600000002,12765.942,,89231.71860000001,,29234.92,35988.99,,58176.58,32081.728,929.3496,,18678.375,32790.079399999995,2705.8102,,2500.,1300.,,2100.,,,,,,,,,,100.,,,,,,,,,,,,,,,,,,,,,,,,,,,,,17.1,,201,103,,,,48,30,84,21,,,,,69,492,28,263,58,,,,,,,,,,,,,567,33.7,72.9,,33.7,6.8,2.15,,,,,,,2.39,0.35,,,,,,,,,,,4,,6,3,,,,,,,,,,,,,,,,,,,,,,,,,103387,
[4841],CONVERGENT MARGIN,NEW HEBRIDES ARC - VANUATU ARCHIPELAGO / CENTRAL NEW HEBRIDES ARC / PACIFIC OCEAN,D^ENTRECASTEAUX ZONE,-14,-17,167,169,SUBAERIAL,,,s 1 [4841],BASALT [4841],,,,,,,,,VOLCANIC ROCK,,,,,WHOLE_ROCK [4841] ,232268.4515,4135.445999999999,,95582.7306,,,,78429.56999999999,81475.8,34855.712,1471.4702,,4233.765,17285.2681,610.9894,,,,,,,,,,,,,,,,,,,,,,,,,,,,,,,,,,,,,,,,,,,,37,,334,64,,,35,28,,,,,,,,6,433,16.4,30,1.2,,,,,,,,,,,,,130,3.2,6.3,,5.9,1.7,0.71,2.03,,2.48,,1.62,,1.58,,,,,,,,,,,,,,0.28,,,,,,,,,,,,,,,,,,,,,,,,,,108037,
[4841],CONVERGENT MARGIN,NEW HEBRIDES ARC - VANUATU ARCHIPELAGO / CENTRAL NEW HEBRIDES ARC / PACIFIC OCEAN,D^ENTRECASTEAUX ZONE,-14,-17,167,169,SUBAERIAL,,,s 2 [4841],BASALT [4841],,,,,,,,,VOLCANIC ROCK,,,,,WHOLE_ROCK [4841] ,309815.918,3416.2379999999994,,80340.3018,,,,41974.200000000004,35449.12,9528.032,1084.2412000000002,,8467.53,30193.5799,872.8420000000001,,,,,,,,,,,,,,,,,,,,,,,,,,,,,,,,,,,,,,,,,,,,19,,75,2,,,6,2,,,,,,,,16,340,29,69,1,,,,,,,,,,,,,138,7.2,,,12,,1.2,,,4.6,,2.8,,2.85,,,,,,,,,,,,,,,,,,,,,,,,,,,,,,,,,,,,,,,,108038,
[4841],CONVERGENT MARGIN,NEW HEBRIDES ARC - VANUATU ARCHIPELAGO / CENTRAL NEW HEBRIDES ARC / PACIFIC OCEAN,D^ENTRECASTEAUX ZONE,-14,-17,167,169,SUBAERIAL,,,s 3 [4841],BASALT [4841],,,,,,,,,VOLCANIC ROCK,,,,,WHOLE_ROCK [4841] ,231380.325,3955.644,,87379.34010000002,,,,77885.45999999999,84620.48,42996.75199999999,1471.4702,,5562.005,16395.039699999998,654.6315,,,,,,,,,,,,,,,,,,,,,,,,,,,,,,,,,,,,,,,,,,,,40,,340,181,,,39,51,,,,,,,,9,456,17.7,36,1.1,,,,,,,,,,,,,229,4.9,13.2,,8.5,2.6,0.8,3.07,,2.83,,1.72,,1.54,,,,,,,,,,,,,,0.62,,,,,,,,,,,,,,,,,,,,,,,,,,108039,
[4841],CONVERGENT MARGIN,NEW HEBRIDES ARC - VANUATU ARCHIPELAGO / CENTRAL NEW HEBRIDES ARC / PACIFIC OCEAN,D^ENTRECASTEAUX ZONE,-14,-17,167,169,SUBAERIAL,,,s 4 [4841],BASALT [4841],,,,,,,,,VOLCANIC ROCK,,,,,WHOLE_ROCK [4841] ,256154.38,4375.182,,92883.55050000001,,,,70812.03,59820.38999999999,20744.575999999997,1471.4702,,10376.875,24407.0953,1178.3367,,,,,,,,,,,,,,,,,,,,,,,,,,,,,,,,,,,,,,,,,,,,25,,221,11,,,30,10,,,,,,,,21,421,22.8,68,2.1,,,,,,,,,,,,,349,8.2,,,12.6,,1.05,,,4.05,,2.75,,2.39,,,,,,,,,,,,,,,,,,,,,,,,,,,,,,,,,,,,,,,,108040,
[4841],CONVERGENT MARGIN,NEW HEBRIDES ARC - VANUATU ARCHIPELAGO / CENTRAL NEW HEBRIDES ARC / PACIFIC OCEAN,D^ENTRECASTEAUX ZONE,-14,-17,167,169,SUBAERIAL,,,s 5 [4841],BASALT [4841],,,,,,,,,VOLCANIC ROCK,,,,,WHOLE_ROCK [4841] ,296494.02050000004,3835.776,,82033.905,,,,51068.61,41595.54,12724.143999999998,1161.687,,9048.635,27968.0089,872.8420000000001,,,,,,,,,,,,,,,,,,,,,,,,,,,,,,,,,,,,,,,,,,,,21,,125,2,,,11,2,,,,,,,,17,386,27,66,0.8,,,,,,,,,,,,,124,7.2,,,13.5,,1.05,,,4.3,,2.9,,2.55,,,,,,,,,,,,,,,,,,,,,,,,,,,,,,,,,,,,,,,,108041,
[4841],CONVERGENT MARGIN,NEW HEBRIDES ARC - VANUATU ARCHIPELAGO / CENTRAL NEW HEBRIDES ARC / PACIFIC OCEAN,D^ENTRECASTEAUX ZONE,-14,-17,167,169,SUBAERIAL,,,s 6 [4841],BASALT [4841],,,,,,,,,VOLCANIC ROCK,,,,,WHOLE_ROCK [4841] ,232922.8605,4375.182,,87696.8907,,,,79984.17,79260.23,40041.85599999999,1471.4702,,7471.35,17804.568,872.8420000000001,,,,,,,,,,,,,,,,,,,,,,,,,,,,,,,,,,,,,,,,,,,,37,,339,156,,,41,57,,,,,,,,17,489,18.1,50,1.5,,,,,,,,,,,,,241,7,18.9,,10.4,3,0.9,3.23,,2.9,,1.8,,1.65,,,,,,,,,,,,,,1.71,,,,,,,,,,,,,,,,,,,,,,,,,,108042,
[4841],CONVERGENT MARGIN,NEW HEBRIDES ARC - VANUATU ARCHIPELAGO / CENTRAL NEW HEBRIDES ARC / PACIFIC OCEAN,D^ENTRECASTEAUX ZONE,-14,-17,167,169,SUBAERIAL,,,s 7 [4841],BASALT [4841],,,,,,,,,VOLCANIC ROCK,,,,,WHOLE_ROCK [4841] ,255032.53600000002,5214.258,,84203.83410000001,,,,79517.79000000001,59677.45,22252.176,1781.2534,,10874.965,25371.5094,1309.263,,,,,,,,,,,,,,,,,,,,,,,,,,,,,,,,,,,,,,,,,,,,30,,248,14,,,30,12,,,,,,,,16,400,27.5,79,2.3,,,,,,,,,,,,,412,10.4,,,15,,1.4,,,4.5,,2.9,,2.6,,,,,,,,,,,,,,,,,,,,,,,,,,,,,,,,,,,,,,,,108043,
[4841],CONVERGENT MARGIN,NEW HEBRIDES ARC - VANUATU ARCHIPELAGO / CENTRAL NEW HEBRIDES ARC / PACIFIC OCEAN,D^ENTRECASTEAUX ZONE,-14,-17,167,169,SUBAERIAL,,,s 8 [4841],BASALT [4841],,,,,,,,,VOLCANIC ROCK,,,,,WHOLE_ROCK [4841] ,230258.481,4315.248,,86532.53850000001,,,,80450.55,82261.97,40886.112,1548.9160000000002,,8716.575,17952.9394,960.1262,,,,,,,,,,,,,,,,,,,,,,,,,,,,,,,,,,,,,,,,,,,,35,,331,180,,,42,62,,,,,,,,17,555,16.5,47,1.3,,,,,,,,,,,,,258,7.8,19,,11.7,3,0.94,3.14,,2.82,,1.67,,1.49,,,,,,,,,,,,,,1.17,,,,,,,,,,,,,,,,,,,,,,,,,,108044,
[4841],CONVERGENT MARGIN,NEW HEBRIDES ARC - VANUATU ARCHIPELAGO / CENTRAL NEW HEBRIDES ARC / PACIFIC OCEAN,D^ENTRECASTEAUX ZONE,-14,-17,167,169,SUBAERIAL,,,s 9 [4841],BASALT [4841],,,,,,,,,VOLCANIC ROCK,,,,,WHOLE_ROCK [4841] ,226519.00100000002,4734.786,,98017.2852,,,,83404.29000000001,78759.94,33529.024,1626.3618,,7056.275,18323.8679,829.1999000000001,,,,,,,,,,,,,,,,,,,,,,,,,,,,,,,,,,,,,,,,,,,,30,,356,34,,,37,27,,,,,,,,11,932,19.5,40,1.4,,,,,,,,,,,,,189,6.9,,,12.7,,1.01,,,3.13,,1.93,,1.63,,,,,,,,,,,,,,,,,,,,,,,,,,,,,,,,,,,,,,,,108045,
[4841],CONVERGENT MARGIN,NEW HEBRIDES ARC - VANUATU ARCHIPELAGO / CENTRAL NEW HEBRIDES ARC / PACIFIC OCEAN,D^ENTRECASTEAUX ZONE,-14,-17,167,169,SUBAERIAL,,,s 10 [4841],BASALT [4841],,,,,,,,,VOLCANIC ROCK,,,,,WHOLE_ROCK [4841] ,235026.31800000003,4794.72,,97488.03420000001,,,,76641.78,76615.84000000001,27920.751999999997,1703.8076,,8218.485,20623.6246,872.8420000000001,,,,,,,,,,,,,,,,,,,,,,,,,,,,,,,,,,,,,,,,,,,,25,,436,18,,,34,16,,,,,,,,14,940,18.4,46,1.5,,,,,,,,,,,,,345,8.6,19,,13.5,3.2,1.17,3.2,,3.16,,1.84,,1.67,,,,,,,,,,,,,,1.27,,,,,,,,,,,,,,,,,,,,,,,,,,108046,
[4841],CONVERGENT MARGIN,NEW HEBRIDES ARC - VANUATU ARCHIPELAGO / CENTRAL NEW HEBRIDES ARC / PACIFIC OCEAN,D^ENTRECASTEAUX ZONE,-14,-17,167,169,SUBAERIAL,,,s 11 [4841],BASALT [4841],,,,,,,,,VOLCANIC ROCK,,,,,WHOLE_ROCK [4841] ,231660.78600000002,4914.588,,81610.5042,,,,79206.87,78759.94,45589.82399999999,1548.9160000000002,,10127.83,19436.6534,1091.0525,,,,,,,,,,,,,,,,,,,,,,,,,,,,,,,,,,,,,,,,,,,,33,,360,196,,,37,86,,,,,,,,19,663,19.3,61,1.9,,,,,,,,,,,,,372,11.8,26.6,,16.1,3.8,1.18,3.84,,3.36,,1.97,,1.8,,,,,,,,,,,,,,1.84,,,,,,,,,,,,,,,,,,,,,,,,,,108047,
[4841],CONVERGENT MARGIN,NEW HEBRIDES ARC - VANUATU ARCHIPELAGO / CENTRAL NEW HEBRIDES ARC / PACIFIC OCEAN,D^ENTRECASTEAUX ZONE,-14,-17,167,169,SUBAERIAL,,,s 12 [4841],BASALT [4841],,,,,,,,,VOLCANIC ROCK,,,,,WHOLE_ROCK [4841] ,253069.309,3895.71,,98969.937,,,,69101.97,70612.36,18754.543999999998,1239.1328,,5478.990000000001,19510.839099999997,654.6315,,,,,,,,,,,,,,,,,,,,,,,,,,,,,,,,,,,,,,,,,,,,28,,320,17,,,22,13,,,,,,,,9,562,16.1,41,1.1,,,,,,,,,,,,,110,10.2,,,14,,0.95,,,2.6,,1.9,,1.6,,,,,,,,,,,,,,,,,,,,,,,,,,,,,,,,,,,,,,,,108048,
[4841],CONVERGENT MARGIN,NEW HEBRIDES ARC - VANUATU ARCHIPELAGO / CENTRAL NEW HEBRIDES ARC / PACIFIC OCEAN,D^ENTRECASTEAUX ZONE,-14,-17,167,169,SUBAERIAL,,,s 13 [4841],BASALT [4841],,,,,,,,,VOLCANIC ROCK,,,,,WHOLE_ROCK [4841] ,229557.3285,4614.918,,75471.1926,,,,79129.14,80546.69,54997.24799999999,1548.9160000000002,,10625.92,18027.1251,1091.0525,,,,,,,,,,,,,,,,,,,,,,,,,,,,,,,,,,,,,,,,,,,,34,,352,288,,,43,127,,,,,,,,21,688,17.3,56,1.5,,,,,,,,,,,,,395,12.2,29.5,,16.2,4,1.1,3.8,,2.93,,1.77,,1.62,,,,,,,,,,,,,,2.08,,,,,,,,,,,,,,,,,,,,,,,,,,108049,
[4841],CONVERGENT MARGIN,NEW HEBRIDES ARC - VANUATU ARCHIPELAGO / CENTRAL NEW HEBRIDES ARC / PACIFIC OCEAN,D^ENTRECASTEAUX ZONE,-14,-17,167,169,SUBAERIAL,,,s 14 [4841],BASALT [4841],,,,,,,,,VOLCANIC ROCK,,,,,WHOLE_ROCK [4841] ,227500.61450000003,4075.512,,67744.12800000001,,,,78662.76,75257.90999999999,73389.968,1471.4702,,10957.980000000001,15875.739800000001,1134.6946,,,,,,,,,,,,,,,,,,,,,,,,,,,,,,,,,,,,,,,,,,,,32,,302,463,,,51,220,,,,,,,,25,656,16.1,53,1.5,,,,,,,,,,,,,373,12.3,24.2,,16.1,3.3,1.12,3.08,,2.83,,1.62,,1.47,,,,,,,,,,,,,,1.78,,,,,,,,,,,,,,,,,,,,,,,,,,108050,
[4841],CONVERGENT MARGIN,NEW HEBRIDES ARC - VANUATU ARCHIPELAGO / CENTRAL NEW HEBRIDES ARC / PACIFIC OCEAN,D^ENTRECASTEAUX ZONE,-14,-17,167,169,SUBAERIAL,,,s 15 [4841],BASALT [4841],,,,,,,,,VOLCANIC ROCK,,,,,WHOLE_ROCK [4841] ,256388.09750000003,5334.126,,84521.38470000001,,,,77341.34999999999,58962.75,21287.311999999998,1781.2534,,12867.325,25000.5809,1309.263,,,,,,,,,,,,,,,,,,,,,,,,,,,,,,,,,,,,,,,,,,,,30,,245,15,,,31,13,,,,,,,,24,398,31,139,5.1,,,,,,,,,,,,,420,23.5,,,27.5,,1.25,,,5,,3.5,,2.9,,,,,,,,,,,,,,,,,,,,,,,,,,,,,,,,,,,,,,,,108051,
[4841],CONVERGENT MARGIN,NEW HEBRIDES ARC - VANUATU ARCHIPELAGO / CENTRAL NEW HEBRIDES ARC / PACIFIC OCEAN,D^ENTRECASTEAUX ZONE,-14,-17,167,169,SUBAERIAL,,,s 16 [4841],BASALT [4841],,,,,,,,,VOLCANIC ROCK,,,,,WHOLE_ROCK [4841] ,227640.84500000003,4435.116,,69490.6563,,,,83559.75,80332.28,62474.943999999996,1626.3618,,10874.965,15578.997,1134.6946,,,,,,,,,,,,,,,,,,,,,,,,,,,,,,,,,,,,,,,,,,,,36,,330,333,,,53,154,,,,,,,,19,694,16.9,58,1.6,,,,,,,,,,,,,390,13.4,29,,17.7,4.2,1.3,3.83,,2.92,,1.6,,1.43,,,,,,,,,,,,,,1.95,,,,,,,,,,,,,,,,,,,,,,,,,,108052,
[4841],CONVERGENT MARGIN,NEW HEBRIDES ARC - VANUATU ARCHIPELAGO / CENTRAL NEW HEBRIDES ARC / PACIFIC OCEAN,D^ENTRECASTEAUX ZONE,-14,-17,167,169,SUBAERIAL,,,s 17 [4841],BASALT [4841],,,,,,,,,VOLCANIC ROCK,,,,,WHOLE_ROCK [4841] ,256294.6105,4914.588,,88120.29149999999,,,,81383.31000000001,61035.38,19719.408,1471.4702,,8135.47,21068.7388,1091.0525,,,,,,,,,,,,,,,,,,,,,,,,,,,,,,,,,,,,,,,,,,,,31,,350,10,,,26,10,,,,,,,,13,643,20,63,1.6,,,,,,,,,,,,,167,17,,,21,,1.35,,,3,,2.3,,1.8,,,,,,,,,,,,,,,,,,,,,,,,,,,,,,,,,,,,,,,,108053,
[4841],CONVERGENT MARGIN,NEW HEBRIDES ARC - VANUATU ARCHIPELAGO / CENTRAL NEW HEBRIDES ARC / PACIFIC OCEAN,D^ENTRECASTEAUX ZONE,-14,-17,167,169,SUBAERIAL,,,s 18 [4841],BASALT [4841],,,,,,,,,VOLCANIC ROCK,,,,,WHOLE_ROCK [4841] ,226565.7445,4674.852,,72507.387,,,,83870.67,82333.44,53369.03999999999,1703.8076,,12950.34,19139.9106,1440.1893,,,,,,,,,,,,,,,,,,,,,,,,,,,,,,,,,,,,,,,,,,,,34,,336,245,,,47,102,,,,,,,,28,854,16.9,64,1.7,,,,,,,,,,,,,470,15.7,28,,20,3.6,1.37,3.38,,3.16,,1.64,,1.47,,,,,,,,,,,,,,1.9,,,,,,,,,,,,,,,,,,,,,,,,,,108054,
[4841],CONVERGENT MARGIN,NEW HEBRIDES ARC - VANUATU ARCHIPELAGO / CENTRAL NEW HEBRIDES ARC / PACIFIC OCEAN,D^ENTRECASTEAUX ZONE,-14,-17,167,169,SUBAERIAL,,,s 19 [4841],BASALT [4841],,,,,,,,,VOLCANIC ROCK,,,,,WHOLE_ROCK [4841] ,229323.61100000003,4794.72,,70602.0834,,,,84414.78,88551.33,51439.31199999999,1626.3618,,6143.11,17730.3823,2051.1787,,,,,,,,,,,,,,,,,,,,,,,,,,,,,,,,,,,,,,,,,,,,38,,335,305,,,45,80,,,,,,,,6,840,18,87,2.1,,,,,,,,,,,,,483,19.5,,,26,,1.75,,,3.5,,1.8,,1.5,,,,,,,,,,,,,,,,,,,,,,,,,,,,,,,,,,,,,,,,108055,
[4841],CONVERGENT MARGIN,NEW HEBRIDES ARC - VANUATU ARCHIPELAGO / CENTRAL NEW HEBRIDES ARC / PACIFIC OCEAN,D^ENTRECASTEAUX ZONE,-14,-17,167,169,SUBAERIAL,,,s 20 [4841],BASALT [4841],,,,,,,,,VOLCANIC ROCK,,,,,WHOLE_ROCK [4841] ,252835.59150000004,7851.354,,78858.399,,,,89544.95999999999,62035.96,26232.239999999998,1703.8076,,2905.5249999999996,23591.0526,523.7052,,,,,,,,,,,,,,,,,,,,,,,,,,,,,,,,,,,,,,,,,,,,42,,460,4,,,28,9,,,,,,,,5,295,29,60,1,,,,,,,,,,,,,30,3.7,,,10,,1.2,,,4.5,,3.1,,2.75,,,,,,,,,,,,,,,,,,,,,,,,,,,,,,,,,,,,,,,,108056,
[4841],CONVERGENT MARGIN,NEW HEBRIDES ARC - VANUATU ARCHIPELAGO / CENTRAL NEW HEBRIDES ARC / PACIFIC OCEAN,D^ENTRECASTEAUX ZONE,-14,-17,167,169,SUBAERIAL,,,s 21 [4841],BASALT [4841],,,,,,,,,VOLCANIC ROCK,,,,,WHOLE_ROCK [4841] ,244094.557,6293.07,,85791.5871,,,,83482.02,73399.69,30574.128,1626.3618,,2158.39,19955.953299999997,349.1368,,,,,,,,,,,,,,,,,,,,,,,,,,,,,,,,,,,,,,,,,,,,42,,330,30,,,30,15,,,,,,,,5,284,23,41,0.9,,,,,,,,,,,,,50,3,,,7.5,,0.95,,,3.6,,2.5,,2.2,,,,,,,,,,,,,,,,,,,,,,,,,,,,,,,,,,,,,,,,108057,
[4841],CONVERGENT MARGIN,NEW HEBRIDES ARC - VANUATU ARCHIPELAGO / CENTRAL NEW HEBRIDES ARC / PACIFIC OCEAN,D^ENTRECASTEAUX ZONE,-14,-17,167,169,SUBAERIAL,,,s 22 [4841],BASALT [4841],,,,,,,,,VOLCANIC ROCK,,,,,WHOLE_ROCK [4841] ,242411.79100000003,6353.004,,87643.9656,,,,89778.15000000001,64537.409999999996,24664.336,1781.2534,,7969.44,23813.609699999997,741.9157,,,,,,,,,,,,,,,,,,,,,,,,,,,,,,,,,,,,,,,,,,,,,,,,,,,,,,,,,,,16,416,29,73,2.6,,,,,,,,,,,,,310,8.3,,,13.4,,1.18,,,4.44,,3.05,,2.84,,,,,,,,,,,,,,,,,,,,,,,,,,,,,,,,,,,,,,,,108058,
[4841],CONVERGENT MARGIN,NEW HEBRIDES ARC - VANUATU ARCHIPELAGO / CENTRAL NEW HEBRIDES ARC / PACIFIC OCEAN,D^ENTRECASTEAUX ZONE,-14,-17,167,169,SUBAERIAL,,,s 23 [4841],BASALT [4841],,,,,,,,,VOLCANIC ROCK,,,,,WHOLE_ROCK [4841] ,231801.01650000003,7132.145999999999,,78911.3241,,,,83792.93999999999,78045.24,45891.344,1703.8076,,7803.41,17730.3823,1091.0525,,,,,,,,,,,,,,,,,,,,,,,,,,,,,,,,,,,,,,,,,,,,38,,361,195,,,33,74,,,,,,,,16,479,28,88,5,,,,,,,,,,,,,320,12,,,17.6,,1.42,,,4.88,,2.94,,2.69,,,,,,,,,,,,,,,,,,,,,,,,,,,,,,,,,,,,,,,,108059,
[4841],CONVERGENT MARGIN,NEW HEBRIDES ARC - VANUATU ARCHIPELAGO / CENTRAL NEW HEBRIDES ARC / PACIFIC OCEAN,D^ENTRECASTEAUX ZONE,-14,-17,167,169,SUBAERIAL,,,s 24 [4841],BASALT [4841],,,,,,,,,VOLCANIC ROCK,,,,,WHOLE_ROCK [4841] ,222031.62500000003,6712.608,,93306.9513,,,,91799.13,80260.81,31840.512,1703.8076,,5229.945,21142.9245,1702.0419000000002,,,,,,,,,,,,,,,,,,,,,,,,,,,,,,,,,,,,,,,,,,,,28,,474,31,,,43,17,,,,,,,,7,972,23.1,37,2.1,,,,,,,,,,,,,,6.7,,,,,1,,,,,,,1.42,,,,,,,,,,,,,,,,,,,,,,,,,,,,,,,,,,,,,,,,108060,
[4841],CONVERGENT MARGIN,NEW HEBRIDES ARC - VANUATU ARCHIPELAGO / CENTRAL NEW HEBRIDES ARC / PACIFIC OCEAN,D^ENTRECASTEAUX ZONE,-14,-17,167,169,SUBAERIAL,,,s 25 [4841],BASALT [4841],,,,,,,,,VOLCANIC ROCK,,,,,WHOLE_ROCK [4841] ,227173.41000000003,7731.486,,84362.6094,,,,84492.51,80832.57,37690.,1626.3618,,11040.995,19510.839099999997,1527.4734999999998,,,,,,,,,,,,,,,,,,,,,,,,,,,,,,,,,,,,,,,,,,,,37,,427,107,,,31,49,,,,,,,,23,645,32.1,108,7.3,,,,,,,,,,,,,412,16.6,,,22.9,,1.66,,,5.34,,3.17,,2.87,,,,,,,,,,,,,,,,,,,,,,,,,,,,,,,,,,,,,,,,108061,
[4841],CONVERGENT MARGIN,NEW HEBRIDES ARC - VANUATU ARCHIPELAGO / CENTRAL NEW HEBRIDES ARC / PACIFIC OCEAN,D^ENTRECASTEAUX ZONE,-14,-17,167,169,SUBAERIAL,,,s 26 [4841],BASALT [4841],,,,,,,,,VOLCANIC ROCK,,,,,WHOLE_ROCK [4841] ,298176.78650000005,3176.502,,79017.1743,,,,44072.909999999996,42953.47,19538.496,774.4580000000001,,8384.515,29600.0943,436.42100000000005,,,,,,,,,,,,,,,,,,,,,,,,,,,,,,,,,,,,,,,,,,,,22,,163,51,,,14,17,,,,,,,,13,338,16.3,100,1.5,,,,,,,,,,,,,133,9.9,,,13.1,,0.91,,,2.54,,1.84,,1.62,,,,,,,,,,,,,,,,,,,,,,,,,,,,,,,,,,,,,,,,108062,
[4841],CONVERGENT MARGIN,NEW HEBRIDES ARC - VANUATU ARCHIPELAGO / CENTRAL NEW HEBRIDES ARC / PACIFIC OCEAN,D^ENTRECASTEAUX ZONE,-14,-17,167,169,SUBAERIAL,,,s 27 [4841],BASALT [4841],,,,,,,,,VOLCANIC ROCK,,,,,WHOLE_ROCK [4841] ,289809.7,2756.964,,81557.5791,,,,42673.770000000004,47241.670000000006,27438.319999999996,774.4580000000001,,8384.515,27226.151899999997,392.77889999999996,,,,,,,,,,,,,,,,,,,,,,,,,,,,,,,,,,,,,,,,,,,,22,,158,124,,,18,55,,,,,,,,15,371,12.5,78,1.3,,,,,,,,,,,,,127,7.4,,,11.4,,0.75,,,1.98,,1.54,,1.25,,,,,,,,,,,,,,,,,,,,,,,,,,,,,,,,,,,,,,,,108063,
[4841],CONVERGENT MARGIN,NEW HEBRIDES ARC - VANUATU ARCHIPELAGO / CENTRAL NEW HEBRIDES ARC / PACIFIC OCEAN,D^ENTRECASTEAUX ZONE,-14,-17,167,169,SUBAERIAL,,,s 28 [4841],BASALT [4841],,,,,,,,,VOLCANIC ROCK,,,,,WHOLE_ROCK [4841] ,278310.799,3596.0399999999995,,82245.6054,,,,50679.96,54960.43,29247.439999999995,929.3496,,7056.275,25445.6951,523.7052,,,,,,,,,,,,,,,,,,,,,,,,,,,,,,,,,,,,,,,,,,,,29,,221,127,,,19,39,,,,,,,,13,445,13.7,68,1.4,,,,,,,,,,,,,95,9.2,,,13.1,,0.93,,,2.25,,1.68,,1.3,,,,,,,,,,,,,,,,,,,,,,,,,,,,,,,,,,,,,,,,108064,
[4841],CONVERGENT MARGIN,NEW HEBRIDES ARC - VANUATU ARCHIPELAGO / CENTRAL NEW HEBRIDES ARC / PACIFIC OCEAN,D^ENTRECASTEAUX ZONE,-14,-17,167,169,SUBAERIAL,,,s 29 [4841],BASALT [4841],,,,,,,,,VOLCANIC ROCK,,,,,WHOLE_ROCK [4841] ,323511.7635,3116.5679999999998,,75947.5185,,,,29692.859999999997,23013.34,7055.567999999999,697.0122,,10708.935,43176.0774,436.42100000000005,,,,,,,,,,,,,,,,,,,,,,,,,,,,,,,,,,,,,,,,,,,,13,,50,2,,,3,5,,,,,,,,11,320,19,119,1.8,,,,,,,,,,,,,155,13.2,,,19,,1.15,,,3,,2.2,,1.75,,,,,,,,,,,,,,,,,,,,,,,,,,,,,,,,,,,,,,,,108065,
[4841],CONVERGENT MARGIN,NEW HEBRIDES ARC - VANUATU ARCHIPELAGO / CENTRAL NEW HEBRIDES ARC / PACIFIC OCEAN,D^ENTRECASTEAUX ZONE,-14,-17,167,169,SUBAERIAL,,,s 30 [4841],BASALT [4841],,,,,,,,,VOLCANIC ROCK,,,,,WHOLE_ROCK [4841] ,256528.32800000004,3536.1059999999998,,75100.7169,,,,58997.07,68611.2,52585.088,1161.687,,6143.11,19288.282,436.42100000000005,,,,,,,,,,,,,,,,,,,,,,,,,,,,,,,,,,,,,,,,,,,,33,,235,339,,,33,128,,,,,,,,11,345,13.3,54,2.4,,,,,,,,,,,,,153,9.2,,,9,,0.8,,,2.3,,1.5,,1.2,,,,,,,,,,,,,,,,,,,,,,,,,,,,,,,,,,,,,,,,108066,
[4841],CONVERGENT MARGIN,NEW HEBRIDES ARC - VANUATU ARCHIPELAGO / CENTRAL NEW HEBRIDES ARC / PACIFIC OCEAN,D^ENTRECASTEAUX ZONE,-14,-17,167,169,SUBAERIAL,,,s 31 [4841],BASALT [4841],,,,,,,,,VOLCANIC ROCK,,,,,WHOLE_ROCK [4841] ,259519.91200000004,3715.908,,73036.638,,,,58608.42,63393.88999999999,52162.96,1161.687,,9048.635,20475.2532,698.2736,,,,,,,,,,,,,,,,,,,,,,,,,,,,,,,,,,,,,,,,,,,,31,,245,327,,,32,152,,,,,,,,16,418,15.6,84,2.6,,,,,,,,,,,,,121,14.3,,,17,,1,,,2.7,,1.85,,1.43,,,,,,,,,,,,,,,,,,,,,,,,,,,,,,,,,,,,,,,,108067,
[4841],CONVERGENT MARGIN,NEW HEBRIDES ARC - VANUATU ARCHIPELAGO / CENTRAL NEW HEBRIDES ARC / PACIFIC OCEAN,D^ENTRECASTEAUX ZONE,-14,-17,167,169,SUBAERIAL,,,s 32 [4841],BASALT [4841],,,,,,,,,VOLCANIC ROCK,,,,,WHOLE_ROCK [4841] ,288874.83,2697.0299999999997,,80234.4516,,,,44306.1,49385.770000000004,26955.887999999995,851.9038,,8218.485,27151.9662,436.42100000000005,,,,,,,,,,,,,,,,,,,,,,,,,,,,,,,,,,,,,,,,,,,,23,,150,94,,,18,30,,,,,,,,12,597,13.3,99,1.4,,,,,,,,,,,,,103,12.8,,,19,,1.15,,,2.2,,1.6,,1.25,,,,,,,,,,,,,,,,,,,,,,,,,,,,,,,,,,,,,,,,108068,
[4841],CONVERGENT MARGIN,NEW HEBRIDES ARC - VANUATU ARCHIPELAGO / CENTRAL NEW HEBRIDES ARC / PACIFIC OCEAN,D^ENTRECASTEAUX ZONE,-14,-17,167,169,SUBAERIAL,,,s 33 [4841],BASALT [4841],,,,,,,,,VOLCANIC ROCK,,,,,WHOLE_ROCK [4841] ,257322.9675,4674.852,,74200.9902,,,,59618.909999999996,58105.11000000001,47218.032,1084.2412000000002,,15938.88,23813.609699999997,1789.3261,,,,,,,,,,,,,,,,,,,,,,,,,,,,,,,,,,,,,,,,,,,,28,,270,260,,,25,93,,,,,,,,33,684,27,188,3.5,,,,,,,,,,,,,161,40,,,55,,2.7,,,4.8,,2.8,,2.05,,,,,,,,,,,,,,,,,,,,,,,,,,,,,,,,,,,,,,,,108069,
[4890],CONVERGENT MARGIN,NEW HEBRIDES ARC - VANUATU ARCHIPELAGO / CENTRAL NEW HEBRIDES ARC / VANIKORO / PACIFIC OCEAN,"JEAN CHARCOT TROUGHS, DUFF RIDGE (EASTERN LIMIT OF JCT)",-12.2716,-12.2783,167.863,167.8783,SUBAQUATIC,-1930,-2165,s VAN7M2 [4890],THOLEIITE [4890],,,,,,,,,VOLCANIC ROCK,,,FRESH,,WHOLE_ROCK [4890] ,219694.45,8151.024,,93148.176,,10910.640000000001,61873.08,,87336.34000000001,50052.32,1084.2412000000002,,913.165,23739.424,218.21050000000002,,-800.,2400.,,,,,,,,,,,,,,,,,,,,,,,,,,,,,,,,,,,,,,,,,34.6,,167,255,,,49.3,159,,,,,,,,1.1,297,26.5,76,1.5,,,,,,,,,0.02,,,0.05,7.6,2.7,9,,8,2.6,1.1,,0.58,4,,2.8,,2.5,,1.9,0.053,,,,,,,,,,,0.35,0.2,,,,,,,,,,,,,,,,,,,,,,,,,109347,
[4890],CONVERGENT MARGIN,NEW HEBRIDES ARC - VANUATU ARCHIPELAGO / CENTRAL NEW HEBRIDES ARC / VANIKORO / PACIFIC OCEAN,"JEAN CHARCOT TROUGHS, DUFF RIDGE (EASTERN LIMIT OF JCT)",-12.2716,-12.2783,167.863,167.8783,SUBAQUATIC,-1930,-2165,s VAN7M3 [4890],THOLEIITE [4890],,,,,,,,,VOLCANIC ROCK,,,FRESH,,WHOLE_ROCK [4890] ,225303.67000000004,7611.6179999999995,,92036.7489,,10001.42,56742.9,,86550.17,53489.647999999994,1239.1328,,747.135,22552.4528,87.2842,,-1400.0000000000002,1100.,,,,,,,,,,,,,,,,,,,,,,,,,,,,,,,,,,,,,,,,,,,218,238,,,50,159,,,,,,,,2,180,27,75,1.5,,,,,,,,,,,,,20,2.5,9.5,,8,,1.05,,,4.2,,2.6,,2.55,,,,,,,,,,,,,,,,,,,,,,,,,,,,,,,,,,,,,,,,109348,
[4890],CONVERGENT MARGIN,NEW HEBRIDES ARC - VANUATU ARCHIPELAGO / CENTRAL NEW HEBRIDES ARC / VANIKORO / PACIFIC OCEAN,"JEAN CHARCOT TROUGHS, CENTRAL VOLCANIC COMPLEX",-12.2483,-12.255,168.6416,168.6466,SUBAQUATIC,-100,-1400,s VAN2M1 [4890],DACITE [4890],,,,,,,,,VOLCANIC ROCK,,,FRESH,,WHOLE_ROCK [4890] ,229043.15000000002,7491.75,,86955.9393,,10980.58,62106.270000000004,,89408.97,41971.583999999995,1161.687,,2573.465,22255.71,218.21050000000002,,1100.,1000.,,,,,,,,,,,,,,,,,,,,,,,,,,,,,,,,,,,,,,,,,39.9,,265,148,,,36.8,51,,,,,,,,4,288,22,51,2.2,,,,,,,,,0.02,,,0.06,54.2,4,11,,8,2.3,1,,0.53,3.4,,2.3,,2.1,,1.5,0.12,,,,,,,,,,,0.34,0.17,,,,,,,,,,,,,,,,,,,,,,,,,109349,
[4890],CONVERGENT MARGIN,NEW HEBRIDES ARC - VANUATU ARCHIPELAGO / CENTRAL NEW HEBRIDES ARC / VANIKORO / PACIFIC OCEAN,"JEAN CHARCOT TROUGHS, CENTRAL VOLCANIC COMPLEX",-12.2483,-12.255,168.6416,168.6466,SUBAQUATIC,-100,-1400,s VAN2M5 [4890],DACITE [4890],,,,,,,,,VOLCANIC ROCK,,,FRESH,,WHOLE_ROCK [4890] ,229043.15000000002,6892.409999999999,,87326.41500000001,,10630.880000000001,60318.479999999996,,88622.8,51559.92,1084.2412000000002,,2324.42,17062.711,218.21050000000002,,1200.,1400.0000000000002,,,,,,,,,,,,,,,,,,,,,,,,,,,,,,,,,,,,,,,,,216,,274,41.7,,,115,,,,,,,,,2,314,20,45,1.8,,,,,,,,,0.01,,,0.05,40.6,3.8,8,,7,2.3,0.85,,3,2.1,,1.85,,1.95,37.3,1.2,0.094,,,,,,,,,,,0.32,0.12,,,,,,,,,,,,,,,,,,,,,,,,,109350,
[4890],CONVERGENT MARGIN,NEW HEBRIDES ARC - VANUATU ARCHIPELAGO / CENTRAL NEW HEBRIDES ARC / VANIKORO / PACIFIC OCEAN,"JEAN CHARCOT TROUGHS,  CENTRAL VOLCANIC COMPLEX",-12.1816,-12.225,167.6766,167.7016,SUBAQUATIC,-900,-1350,s VAN3M4 [4890],DACITE [4890],,,,,,,,,VOLCANIC ROCK,,,FRESH,,WHOLE_ROCK [4890] ,230912.89,6053.334,,83515.8078,,10211.24,57831.12,,86836.05,43117.36,1548.9160000000002,,1245.225,20771.996,436.42100000000005,,2500.,2300.,,,,,,,,,,,,,,,,,,,,,,,,,,,,,,,,,,,,,,,,,38.6,,234,150,,,38.6,53,,,,,2.84,,,1.26,251,24.5,51,2.3,,,,,,,,,0.087,,,0.049,35.3,3.8,10,,8,2.39,0.95,,0.514,3.8,,2.8,,2.25,,1.59,0.13,,,,,,,,,,,0.348,0.25,,,,,,,,,,,,,,,,,,,,,,,,,109351,
[4890],CONVERGENT MARGIN,NEW HEBRIDES ARC - VANUATU ARCHIPELAGO / CENTRAL NEW HEBRIDES ARC / VANIKORO / PACIFIC OCEAN,"JEAN CHARCOT TROUGHS,  CENTRAL VOLCANIC COMPLEX",-12.1466,-12.151,167.808,167.813,SUBAQUATIC,-1650,-1850,s VAN5M5 [4890],DACITE [4890],,,,,,,,,VOLCANIC ROCK,,,FRESH,,WHOLE_ROCK [4890] ,231380.325,5094.389999999999,,88120.29149999999,,10630.880000000001,60318.479999999996,,93268.35,44323.439999999995,1239.1328,,2573.465,18101.3108,218.21050000000002,,300.,1100.,,,,,,,,,,,,,,,,,,,,,,,,,,,,,,,,,,,,,,,,,38.4,,196,141,,,38.1,52,,,,,,,,3.4,295,18,42,1.8,,,,,,,,,0.05,,,0.11,42,3.1,9,,6,1.8,0.8,,0.39,2.8,,1.6,,1.65,,1.2,0.079,,,,,,,,,,,0.23,0.06,,,,,,,,,,,,,,,,,,,,,,,,,109352,
[4890],CONVERGENT MARGIN,NEW HEBRIDES ARC - VANUATU ARCHIPELAGO / CENTRAL NEW HEBRIDES ARC / VANIKORO / PACIFIC OCEAN,"JEAN CHARCOT TROUGHS,  CENTRAL VOLCANIC COMPLEX",-12.1466,-12.151,167.808,167.813,SUBAQUATIC,-1650,-1850,s VAN5M1 [4890],DACITE [4890],,,,,,,,,VOLCANIC ROCK,,,FRESH,,WHOLE_ROCK [4890] ,234418.65250000003,4734.786,,87485.19030000002,,9581.78,54333.270000000004,,91696.01,45288.304,1239.1328,,2656.48,17285.2681,218.21050000000002,,4200.,1900.,,,,,,,,,,,,,,,,,,,,,,,,,,,,,,,,,,,,,,,,,,,243,144,,,34,48,,,,,,,,4,227,18,41,2,,,,,,,,,,,,,60,3,10,,6,,0.75,,,2.8,,2,,1.7,,,,,,,,,,,,,,,,,,,,,,,,,,,,,,,,,,,,,,,,109353,
[4890],CONVERGENT MARGIN,NEW HEBRIDES ARC - VANUATU ARCHIPELAGO / CENTRAL NEW HEBRIDES ARC / VANIKORO / PACIFIC OCEAN,"JEAN CHARCOT TROUGHS, DUFF RIDGE (EASTERN LIMIT OF JCT)",-12.245,-12.263,167.838,167.85,SUBAQUATIC,-2120,-2450,s VAN6M1 [4890],ANDESITE [4890],,,,,,,,,VOLCANIC ROCK,,,FRESH,,WHOLE_ROCK [4890] ,237456.98,6173.202,,89443.419,,11679.98,66303.68999999999,,77187.6,31237.471999999998,1239.1328,,5063.915,22404.0814,436.42100000000005,,4900.,2700.,,,,,,,,,,,,,,,,,,,,,,,,,,,,,,,,,,,,,,,,,34,,258,26,,,32.2,26,,,,,1.1,,,7.6,291,23,63,2.7,,,,,,,,,0.07,,,0.17,78,5.8,13,,10,2.8,1.05,,0.51,3.4,,2.2,,2.1,,1.8,0.14,,,,,,,,,,,0.52,0.26,,,,,,,,,,,,,,,,,,,,,,,,,109354,
[4890],CONVERGENT MARGIN,NEW HEBRIDES ARC - VANUATU ARCHIPELAGO / CENTRAL NEW HEBRIDES ARC / VANIKORO / PACIFIC OCEAN,"JEAN CHARCOT TROUGHS,  CENTRAL VOLCANIC COMPLEX",-12.1466,-12.151,167.808,167.813,SUBAQUATIC,-1650,-1850,s VAN5M4 [4890],DACITE [4890],,,,,,,,,VOLCANIC ROCK,,,FRESH,,WHOLE_ROCK [4890] ,238859.28500000003,4554.9839999999995,,84150.909,,9721.66,55032.840000000004,,86550.17,43117.36,1239.1328,,2324.42,17062.711,218.21050000000002,,1300.,1800.,,,,,,,,,,,,,,,,,,,,,,,,,,,,,,,,,,,,,,,,,37.8,,240,153,,,37.3,48,,,,,0.44,,,3,288,18,43,1.2,,,,,,,,,0.037,,,0.11,45.8,2.7,10,,6.5,1.77,0.75,,0.366,2.8,,1.8,,1.75,,1.15,0.073,,,,,,,,,,,0.237,0.103,,,,,,,,,,,,,,,,,,,,,,,,,109355,
[4890],CONVERGENT MARGIN,NEW HEBRIDES ARC - VANUATU ARCHIPELAGO / CENTRAL NEW HEBRIDES ARC / VANIKORO / PACIFIC OCEAN,"JEAN CHARCOT TROUGHS, CENTRAL VOLCANIC COMPLEX, STATION 33",-12.1766,-12.1766,-167.7216,-167.7833,SUBAQUATIC,-1658,-2038,s VAN3321 [4890],BASALT [4890],,,,,,,,,VOLCANIC ROCK,,,FRESH,,WHOLE_ROCK [4890] ,230351.96800000002,3296.37,,95318.10510000002,,63085.88,,,97913.9,42876.144,1316.5786,,2324.42,12908.3118,436.42100000000005,,,,,,,,,,,,,,,,,,,,,,,,,,,,,,,,,,,,,,,,,,,,,,240,61,,,,52,,,,,,,,3,298,11,27,1,,,,,,,,,,,,,167,3,6.8,,5.2,2,0.71,2,,2.2,,1.4,,1.3,0.19,,,,,,,,,,,,,,,,,,,,,,,,,,,,,,,,,,,,,,,109356,
[4890],CONVERGENT MARGIN,NEW HEBRIDES ARC - VANUATU ARCHIPELAGO / CENTRAL NEW HEBRIDES ARC / VANIKORO / PACIFIC OCEAN,"JEAN CHARCOT TROUGHS,  CENTRAL VOLCANIC COMPLEX",-12.1816,-12.225,167.6766,167.7016,SUBAQUATIC,-900,-1350,s VAN3M3 [4890],DACITE [4890],,,,,,,,,VOLCANIC ROCK,,,FRESH,,WHOLE_ROCK [4890] ,244001.07000000004,7311.947999999999,,83780.4333,,11120.460000000001,62961.299999999996,,70469.42,33227.50399999999,1394.0244,,2988.54,26039.180699999997,654.6315,,1600.,2100.,,,,,,,,,,,,,,,,,,,,,,,,,,,,,,,,,,,,,,,,,32,,278,13,,,32.8,23,,,,,1.66,,,4.3,258,29,74,3,,,,,,,,,0.07,,,0.083,72.7,4.9,14,,10,2.95,1.25,,0.628,4.4,,2.9,,2.7,,2.19,0.195,,,,,,,,,,,0.47,0.24,,,,,,,,,,,,,,,,,,,,,,,,,109357,
[4890],CONVERGENT MARGIN,NEW HEBRIDES ARC - VANUATU ARCHIPELAGO / CENTRAL NEW HEBRIDES ARC / VANIKORO / PACIFIC OCEAN,"JEAN CHARCOT TROUGHS, DUFF RIDGE (EASTERN LIMIT OF JCT)",-12.2716,-12.2783,167.863,167.8783,SUBAQUATIC,-1930,-2165,s VAN7M4 [4890],BASALT [4890],,,,,,,,,VOLCANIC ROCK,,,FRESH,,WHOLE_ROCK [4890] ,257556.68500000003,8990.099999999999,,76847.2452,,12169.56,69179.7,,48385.189999999995,19538.496,1548.9160000000002,,10376.875,30341.951299999997,1527.4734999999998,,5800.,2700.,,,,,,,,,,,,,,,,,,,,,,,,,,,,,,,,,,,,,,,,,30.3,,337,3,,,26.5,7,,,,,,,,21,268,40,139,8,,,,,,,,,0.12,,,0.45,202,13,32,,22,5.3,1.7,,0.95,6.3,,4.1,,3.8,,3.9,0.54,,,,,,,,,,,1.43,0.65,,,,,,,,,,,,,,,,,,,,,,,,,109358,
[4890],CONVERGENT MARGIN,NEW HEBRIDES ARC - VANUATU ARCHIPELAGO / CENTRAL NEW HEBRIDES ARC / VANIKORO / PACIFIC OCEAN,"JEAN CHARCOT TROUGHS,  CENTRAL VOLCANIC COMPLEX",-12.1816,-12.225,167.6766,167.7016,SUBAQUATIC,-900,-1350,s VAN3M1 [4890],DACITE [4890],,,,,,,,,VOLCANIC ROCK,,,FRESH,,WHOLE_ROCK [4890] ,270644.865,10907.988,,83357.0325,,9721.66,55266.030000000006,,39880.26,14533.264,1471.4702,,5894.065,39615.163799999995,785.5577999999999,,7900.,1100.,,,,,,,,,,,,,,,,,,,,,,,,,,,,,,,,,,,,,,,,,21.4,,73,5,,,8.9,2,,,,,,,,8.7,204,53,149,5.4,,,,,,,,,0.07,,,0.21,125,9.6,26,,21,5.6,1.9,,1.16,7.9,,5.3,,5,,4.1,0.41,,,,,,,,,,,0.83,0.37,,,,,,,,,,,,,,,,,,,,,,,,,109359,
[4890],CONVERGENT MARGIN,NEW HEBRIDES ARC - VANUATU ARCHIPELAGO / CENTRAL NEW HEBRIDES ARC / VANIKORO / PACIFIC OCEAN,"JEAN CHARCOT TROUGHS,  CENTRAL VOLCANIC COMPLEX",-12.1816,-12.225,167.6766,167.7016,SUBAQUATIC,-900,-1350,s VAN3M2 [4890],DACITE [4890],,,,,,,,,VOLCANIC ROCK,,,FRESH,,WHOLE_ROCK [4890] ,282798.17500000005,9769.241999999998,,78223.2978,,8672.56,49203.090000000004,,33662.37,14955.392,1626.3618,,5811.049999999999,37612.149900000004,1745.6840000000002,,9700.,2500.,,,,,,,,,,,,,,,,,,,,,,,,,,,,,,,,,,,,,,,,,,,67,3,,,7,0,,,,,,,,7,215,51,142,5,,,,,,,,,,,,,104,9.2,24,,20,,1.9,,,7.7,,5,,4.85,,,,,,,,,,,,,,,,,,,,,,,,,,,,,,,,,,,,,,,,109360,
[4890],CONVERGENT MARGIN,NEW HEBRIDES ARC - VANUATU ARCHIPELAGO / CENTRAL NEW HEBRIDES ARC / VANIKORO / PACIFIC OCEAN,"JEAN CHARCOT TROUGHS, CENTRAL VOLCANIC COMPLEX",-12.1983,-12.215,167.5766,167.5816,SUBAQUATIC,-940,-1490,s VAN1M1 [4890],DACITE [4890],,,,,,,,,VOLCANIC ROCK,,,FRESH,,WHOLE_ROCK [4890] ,292614.31000000006,7491.75,,84309.68430000001,,7133.88,40497.33,,31589.739999999998,10432.591999999999,1239.1328,,6226.125,44511.42,872.8420000000001,,7000.,700.0000000000001,,,,,,,,,,,,,,,,,,,,,,,,,,,,,,,,,,,,,,,,,16.1,,,8,,,5.9,2,,,,,,,,10.6,207,54,168,7.2,,,,,,,,,0.08,,,0.25,158,12.7,30,,22,5.8,1.8,,1.2,8.3,,5.4,,5.4,,4.7,0.5,,,,,,,,,,,1.22,0.42,,,,,,,,,,,,,,,,,,,,,,,,,109361,
[4890],CONVERGENT MARGIN,NEW HEBRIDES ARC - VANUATU ARCHIPELAGO / CENTRAL NEW HEBRIDES ARC / VANIKORO / PACIFIC OCEAN,"JEAN CHARCOT TROUGHS, CENTRAL VOLCANIC COMPLEX",-12.1983,-12.215,167.5766,167.5816,SUBAQUATIC,-940,-1490,s VAN1M9 [4890],DACITE [4890],,,,,,,,,VOLCANIC ROCK,,,FRESH,,WHOLE_ROCK [4890] ,299158.4,4614.918,,82033.905,,5455.320000000001,31092,,32375.910000000003,13206.576,1394.0244,,5894.065,43027.706,654.6315,,7800.,900.,,,,,,,,,,,,,,,,,,,,,,,,,,,,,,,,,,,,,,,,,14.7,,70,41,,,9.6,16,,,,,0.74,,,11.1,529,53,181,7.5,,,,,,,,,0.07,,,0.25,158,12.6,31,,22,5.7,1.85,,1.16,7.9,,5.3,,5.3,,4.8,0.51,,,,,,,,,,,1.28,0.5,,,,,,,,,,,,,,,,,,,,,,,,,109362,
[4890],CONVERGENT MARGIN,NEW HEBRIDES ARC - VANUATU ARCHIPELAGO / CENTRAL NEW HEBRIDES ARC / VANIKORO / PACIFIC OCEAN,"JEAN CHARCOT TROUGHS, CENTRAL VOLCANIC COMPLEX",-12.1983,-12.215,167.5766,167.5816,SUBAQUATIC,-940,-1490,s VAN1M8 [4890],DACITE [4890],,,,,,,,,VOLCANIC ROCK,,,FRESH,,WHOLE_ROCK [4890] ,304767.62000000005,5394.0599999999995,,85738.662,,5245.5,29848.32,,25443.32,7296.784,1161.687,,7305.32,48591.633499999996,654.6315,,7200.,500.,,,,,,,,,,,,,,,,,,,,,,,,,,,,,,,,,,,,,,,,,11.1,,,,,,4.9,2.3,,,,,1.3,,,12.4,148,59,213,8.7,,,,,,,,,0.08,,,0.3,186,13.7,28,,24,6.1,1.94,,1.23,8.6,,5.6,,6.2,,5.4,0.6,,,,,,,,,,,1.53,0.5,,,,,,,,,,,,,,,,,,,,,,,,,109363,
[4890],CONVERGENT MARGIN,NEW HEBRIDES ARC - VANUATU ARCHIPELAGO / CENTRAL NEW HEBRIDES ARC / VANIKORO / PACIFIC OCEAN,"JEAN CHARCOT TROUGHS, CENTRAL VOLCANIC COMPLEX",-12.1983,-12.215,167.5766,167.5816,SUBAQUATIC,-940,-1490,s VAN1M5 [4890],DACITE [4890],,,,,,,,,VOLCANIC ROCK,,,FRESH,,WHOLE_ROCK [4890] ,313181.45,5154.324,,79334.7249,,4755.92,26894.579999999998,,23370.69,7055.567999999999,1161.687,,6890.245,45401.6484,1091.0525,,7300.,1100.,,,,,,,,,,,,,,,,,,,,,,,,,,,,,,,,,,,,,,,,,,,38,3,,,4,0,,,,,,,,11,178,60,204,8.8,,,,,,,,,,,,,165,14.7,37,,25,,1.95,,,8.8,,5.9,,5.95,,,,,,,,,,,,,,,,,,,,,,,,,,,,,,,,,,,,,,,,109364,
[4890],CONVERGENT MARGIN,NEW HEBRIDES ARC - VANUATU ARCHIPELAGO / CENTRAL NEW HEBRIDES ARC / VANIKORO / PACIFIC OCEAN,"JEAN CHARCOT TROUGHS, CENTRAL VOLCANIC COMPLEX",-12.1983,-12.215,167.5766,167.5816,SUBAQUATIC,-940,-1490,s VAN1M3 [4890],DACITE [4890],,,,,,,,,VOLCANIC ROCK,,,FRESH,,WHOLE_ROCK [4890] ,315518.625,4674.852,,77270.64600000001,,4755.92,27050.04,,19940.13,6271.616,1239.1328,,7720.395,45401.6484,654.6315,,9000.,1500.,,,,,,,,,,,,,,,,,,,,,,,,,,,,,,,,,,,,,,,,,,,15,0,,,2,0,,,,,,,,13,149,61,214,9.1,,,,,,,,,,,,,163,15,37,,25,,2,,,10,,6.1,,6.1,,,,,,,,,,,,,,,,,,,,,,,,,,,,,,,,,,,,,,,,109365,
[4890],CONVERGENT MARGIN,NEW HEBRIDES ARC - VANUATU ARCHIPELAGO / CENTRAL NEW HEBRIDES ARC / STATION 31 / PACIFIC OCEAN,"CENTRAL VOLCANIC COMPLEX, VANIKORO AREA",-12.1933,-12.1933,167.5816,167.59,SUBAQUATIC,-459,-915,s VAN3151 [4890],BASALT [4890],,,,,,,,,VOLCANIC ROCK,,,FRESH,,WHOLE_ROCK [4890] ,310517.07050000003,5094.389999999999,,81134.1783,,9791.599999999999,23319,,22727.460000000003,7176.1759999999995,1239.1328,,7056.275,41247.2492,1047.4104,,7300.,12800.,,,,,,,,,,,,,,,,,,,,,,,,,,,,,,,,,,,,,,,,,,,22,2,,,,5,,,,,,,,13.5,172,52.2,220,8.5,,,,,,,,,,,,,193,14.8,32,,24,,2,,,8.6,,5.5,,5.7,,,,,,,,,,,,,,1.4,,,,,,,,,,,,,,,,,,,,,,,,,,109366,
[4890],CONVERGENT MARGIN,NEW HEBRIDES ARC - VANUATU ARCHIPELAGO / CENTRAL NEW HEBRIDES ARC / STATION 31 / PACIFIC OCEAN,"CENTRAL VOLCANIC COMPLEX, VANIKORO AREA",-12.1933,-12.1933,167.5816,167.59,SUBAQUATIC,-459,-915,s VAN3154 [4890],BASALT [4890],,,,,,,,,VOLCANIC ROCK,,,FRESH,,WHOLE_ROCK [4890] ,312994.476,5154.324,,82139.7552,,8392.8,25029.06,,23084.81,7055.567999999999,1239.1328,,7139.29,46069.3197,1091.0525,,6000.,800.,,,,,,,,,,,,,,,,,,,,,,,,,,,,,,,,,,,,,,,,,,,20,2,,,,5,,,,,,,,14.2,174,52.6,223,8.5,,,,,,,,,,,,,193,15,33,,25,,1.95,,,8.8,,5.8,,5.75,,,,,,,,,,,,,,,,,,,,,,,,,,,,,,,,,,,,,,,,109367,
[4890],CONVERGENT MARGIN,NEW HEBRIDES ARC - VANUATU ARCHIPELAGO / CENTRAL NEW HEBRIDES ARC / STATION 31 / PACIFIC OCEAN,"CENTRAL VOLCANIC COMPLEX, VANIKORO AREA",-12.1933,-12.1933,167.5816,167.59,SUBAQUATIC,-459,-915,s VAN3152 [4890],BASALT [4890],,,,,,,,,VOLCANIC ROCK,,,FRESH,,WHOLE_ROCK [4890] ,312106.3495,5693.73,,81398.80380000001,,36578.62,,,23299.219999999998,6995.263999999999,1548.9160000000002,,7637.38,50149.5332,872.8420000000001,,,,,,,,,,,,,,,,,,,,,,,,,,,,,,,,,,,,,,,,,,,,,,29,,,,,,,,,,,,,13,164,52,227,10,,,,,,,,,,,,,211,15.4,36.3,,22.8,7.6,2.2,7.9,,8.7,,5.9,,6.1,0.89,,,,,,,,,,,,,,,,,,,,,,,,,,,,,,,,,,,,,,,109368,
[4890],CONVERGENT MARGIN,NEW HEBRIDES ARC - VANUATU ARCHIPELAGO / CENTRAL NEW HEBRIDES ARC / STATION 31 / PACIFIC OCEAN,"CENTRAL VOLCANIC COMPLEX, VANIKORO AREA",-12.1933,-12.1933,167.5816,167.59,SUBAQUATIC,-459,-915,s VAN3155 [4890],BASALT [4890],,,,,,,,,VOLCANIC ROCK,,,FRESH,,WHOLE_ROCK [4890] ,308927.79150000005,5753.664,,80869.5528,,36788.439999999995,,,23513.63,7055.567999999999,1548.9160000000002,,7554.365000000001,49778.604699999996,960.1262,,,,,,,,,,,,,,,,,,,,,,,,,,,,,,,,,,,,,,,,,,,,,,24,,,,,,,,,,,,,13,164,46,229,9,,,,,,,,,,,,,,14.8,33.9,,21.7,7.2,2,7.2,,7.9,,5.2,,5.3,0.8,,,,,,,,,,,,,,,,,,,,,,,,,,,,,,,,,,,,,,,109369,
[4890],CONVERGENT MARGIN,NEW HEBRIDES ARC - VANUATU ARCHIPELAGO / CENTRAL NEW HEBRIDES ARC / STATION 39 / PACIFIC OCEAN,"CENTRAL GRABEN (EASTERN WALL), TIKOPIA AREA",-12.8583,-12.8583,167.8416,167.85,SUBAQUATIC,-2130,-2984,s TIK3981 [4890],BASALT [4890],,,,,,,,,VOLCANIC ROCK,,,FRESH,,WHOLE_ROCK [4890] ,242692.25200000004,4195.379999999999,,103362.72030000002,,25737.920000000002,29381.94,,62893.600000000006,17246.944,1084.2412000000002,,19259.48,20846.1817,2225.7471,,12900.,17000.,,,,,,,,,,,,,,,,,,,,,,,,,,,,,,,,,,,,,,,,,,,269,9,,,,12,,,,,,,,33.5,1020,19.7,92,2.5,,,,,,,,,,,,,311,13.8,29,,19.5,,1.35,,,3.2,,2,,1.75,,,,,,,,,,,,,,,,,,,,,,,,,,,,,,,,,,,,,,,,109370,
[4890],CONVERGENT MARGIN,NEW HEBRIDES ARC - VANUATU ARCHIPELAGO / CENTRAL NEW HEBRIDES ARC / STATION 39 / PACIFIC OCEAN,"CENTRAL GRABEN (EASTERN WALL), TIKOPIA AREA",-12.8583,-12.8583,167.8416,167.85,SUBAQUATIC,-2130,-2984,s TIK3981X [4890],BASALT [4890],,,,,,,,,VOLCANIC ROCK,,,FRESH,,WHOLE_ROCK [4890] ,243486.89150000003,4375.182,,106008.9753,,54273.439999999995,,,63250.95,15980.559999999998,1239.1328,,20172.645,26632.666299999997,2138.4629,,,,,,,,,,,,,,,,,,,,,,,,,,,,,,,,,,,,,,,,,,,,,,,,,,,,,,,,,,,38,999,,109,,,,,,,,,,,,,,313,14.3,31.7,,17.8,4.8,1.4,3.6,,3.2,,1.9,,1.8,0.22,,,,,,,,,,,,,,,,,,,,,,,,,,,,,,,,,,,,,,,109371,
[4890],CONVERGENT MARGIN,NEW HEBRIDES ARC - VANUATU ARCHIPELAGO / CENTRAL NEW HEBRIDES ARC / STATION 39 / PACIFIC OCEAN,"CENTRAL GRABEN (EASTERN WALL), TIKOPIA AREA",-12.8583,-12.8583,167.8416,167.85,SUBAQUATIC,-2130,-2984,s TIK3982 [4890],BASALT [4890],,,,,,,,,VOLCANIC ROCK,,,FRESH,,WHOLE_ROCK [4890] ,245964.29700000002,4554.9839999999995,,84733.08510000001,,81619.98,,,65680.93,24061.296,1626.3618,,10791.95,20104.324699999997,960.1262,,,,,,,,,,,,,,,,,,,,,,,,,,,,,,,,,,,,,,,,,,,,,,,,,,,,,,,,,,,20,357,,58,,,,,,,,,,,,,,515,6.3,12.3,,8.5,2.8,0.9,2.8,,3.2,,2.1,,2,0.34,,,,,,,,,,,,,,,,,,,,,,,,,,,,,,,,,,,,,,,109372,
[4890],CONVERGENT MARGIN,NEW HEBRIDES ARC - VANUATU ARCHIPELAGO / CENTRAL NEW HEBRIDES ARC / STATION 39 / PACIFIC OCEAN,"CENTRAL GRABEN (EASTERN WALL), TIKOPIA AREA",-12.8583,-12.8583,167.8416,167.85,SUBAQUATIC,-2130,-2984,s TIK3983 [4890],BASALT [4890],,,,,,,,,VOLCANIC ROCK,,,FRESH,,WHOLE_ROCK [4890] ,266297.7195,4614.918,,94841.77920000002,,55042.78,,,52173.1,14111.135999999999,1394.0244,,15025.715,27151.9662,1047.4104,,,,,,,,,,,,,,,,,,,,,,,,,,,,,,,,,,,,,,,,,,,,,,,,,,,,,,,,,,,31,376,,88,,,,,,,,,,,,,,270,9,19.4,,10.9,3.4,1.1,3.5,,3.6,,2.3,,2.3,0.32,,,,,,,,,,,,,,,,,,,,,,,,,,,,,,,,,,,,,,,109373,
[3790],CONVERGENT MARGIN,NEW HEBRIDES ARC - VANUATU ARCHIPELAGO / SOUTHERN NEW HEBRIDES ARC / ERROMANGO (=EROMANGA) / PACIFIC OCEAN,ROBERTSON^S THUMB,-19.3,-19.3,168.8,168.8,SUBAERIAL,,,s C [3790],BASALT [3790],,,,,,,,,VOLCANIC ROCK,,,,,WHOLE_ROCK [3790] ,224929.722,4674.852,,108496.455,,28535.52,48503.520000000004,,80904.04000000001,26955.887999999995,1394.0244,,5645.02,16469.2254,654.6315,,5800.,8100.000000000001,,,,,,,,,,,,,,,,,,,,,,,,,,,,,,,,,,,,,,,,,,,,,,,,,,,,,,,,,,,,,,,,,,,,,,,,,,,,,,,,,,,,,,,,,,,,,,,,,,,,,,,,,,,,,,,,,,,,,,,,,,,,,,109610,
[3790],CONVERGENT MARGIN,NEW HEBRIDES ARC - VANUATU ARCHIPELAGO / SOUTHERN NEW HEBRIDES ARC / ERROMANGO (=EROMANGA) / MOUNT RANTOP / PACIFIC OCEAN,,-18.666,-18.833,169.333,169.333,SUBAERIAL,,,s G [3790],BASALT [3790],,,,,,,,,VOLCANIC ROCK,,,,,WHOLE_ROCK [3790] ,232595.65600000002,3536.1059999999998,,91719.19829999999,,28395.639999999996,51379.530000000006,,83405.49,40343.376,1781.2534,,3901.705,14466.2115,480.0631,,1700.0000000000002,6300.,,,,,,,,,,,,,,,,,,,,,,,,,,,,,,,,,,,,,,,,,,,,,,,,,,,,,,,,,,,,,,,,,,,,,,,,,,,,,,,,,,,,,,,,,,,,,,,,,,,,,,,,,,,,,,,,,,,,,,,,,,,,,,109614,
[3790],CONVERGENT MARGIN,NEW HEBRIDES ARC - VANUATU ARCHIPELAGO / SOUTHERN NEW HEBRIDES ARC / ERROMANGO (=EROMANGA) / MOUNT RANTOP / PACIFIC OCEAN,,-18.666,-18.833,169.333,169.333,SUBAERIAL,,,s H [3790],BASALT [3790],,,,,,,,,VOLCANIC ROCK,,,,,WHOLE_ROCK [3790] ,231099.864,4614.918,,100663.5402,,35669.399999999994,41974.200000000004,,79331.7,26774.976000000002,1548.9160000000002,,4316.78,15430.6256,523.7052,,2900.,7200.,,,,,,,,,,,,,,,,,,,,,,,,,,,,,,,,,,,,,,,,,,,,,,,,,,,,,,,,,,,,,,,,,,,,,,,,,,,,,,,,,,,,,,,,,,,,,,,,,,,,,,,,,,,,,,,,,,,,,,,,,,,,,,109615,
[3790],CONVERGENT MARGIN,NEW HEBRIDES ARC - VANUATU ARCHIPELAGO / SOUTHERN NEW HEBRIDES ARC / ERROMANGO (=EROMANGA) / MOUNT RANTOP / PACIFIC OCEAN,,-18.666,-18.833,169.333,169.333,SUBAERIAL,,,s I [3790],BASALT [3790],,,,,,,,,VOLCANIC ROCK,,,,,WHOLE_ROCK [3790] ,239560.43750000003,4015.578,,94206.67800000001,,23639.719999999998,52700.94,,72756.45999999999,29729.871999999996,1394.0244,,3984.72,17878.7537,567.3473,,3400.0000000000005,9000.,,,,,,,,,,,,,,,,,,,,,,,,,,,,,,,,,,,,,,,,,,,,,,,,,,,,,,,,,,,,,,,,,,,,,,,,,,,,,,,,,,,,,,,,,,,,,,,,,,,,,,,,,,,,,,,,,,,,,,,,,,,,,,109616,
[4890],CONVERGENT MARGIN,NEW HEBRIDES ARC - VANUATU ARCHIPELAGO / CENTRAL NEW HEBRIDES ARC / PACIFIC OCEAN,"CENTRAL HORST (E SLOPE), VOT TANDE AREA",-13.3483,-13.3616,167.9516,167.9516,SUBAQUATIC,-1550,-2000,s VOT11M1 [4890],BASALT [4890],,,,,,,,,VOLCANIC ROCK,,,FRESH,,WHOLE_ROCK [4890] ,222031.62500000003,8390.759999999998,,83568.7329,,13568.359999999999,76952.7,,75901.14,33589.328,1316.5786,,7969.44,19436.6534,654.6315,,13200.,10100.,,,,,,,,,,,,,,,,,,,,,,,,,,,,,,,,,,,,,,,,,38.2,,294,54,,,41.8,35,,,,,,,,19.6,344,28,69,4.9,,,,,,,,,0.2,,,2,127,6,15,,11,3.1,1.1,,0.64,4.2,,2.7,,2.55,,1.85,0.31,,,,,,,,,,,0.43,0.17,,,,,,,,,,,,,,,,,,,,,,,,,109744,
[4890],CONVERGENT MARGIN,NEW HEBRIDES ARC - VANUATU ARCHIPELAGO / CENTRAL NEW HEBRIDES ARC / PACIFIC OCEAN,"VOT TANDE BASEMENT (SE FLANK), VOT TANDE AREA",-13.3483,-13.3566,167.82,167.82,SUBAQUATIC,-1600,-2200,s VOT12M1 [4890],"BASALT, CALC-ALKALINE [4890]",,,,,,,,,VOLCANIC ROCK,,,FRESH,,WHOLE_ROCK [4890] ,236989.54500000004,4614.918,,86003.2875,,9721.66,55266.030000000006,,75901.14,57891.84,1161.687,,5478.990000000001,17211.0824,436.42100000000005,,3300.,1300.,,,,,,,,,,,,,,,,,,,,,,,,,,,,,,,,,,,,,,,,,35.1,,208,410,,,38.3,179,,,,,,,,9.4,457,17,50,4,,,,,,,,,0.09,,,0.22,115,6,13,,8,2.1,0.8,,0.38,2.8,,1.8,,1.65,,1.4,0.26,,,,,,,,,,,0.56,0.2,,,,,,,,,,,,,,,,,,,,,,,,,109747,
[4890],CONVERGENT MARGIN,NEW HEBRIDES ARC - VANUATU ARCHIPELAGO / CENTRAL NEW HEBRIDES ARC / PACIFIC OCEAN,"CENTRAL HORST (E SLOPE), VOT TANDE AREA",-13.3483,-13.3616,167.9516,167.9516,SUBAQUATIC,-1550,-2000,s VOT11M2 [4890],BASALT [4890],,,,,,,,,VOLCANIC ROCK,,,FRESH,,WHOLE_ROCK [4890] ,238391.85,8151.024,,87379.34010000002,,13708.24,77652.27,,62893.600000000006,25207.071999999996,1471.4702,,8799.59,19288.282,872.8420000000001,,5100.,4600.,,,,,,,,,,,,,,,,,,,,,,,,,,,,,,,,,,,,,,,,,35.3,,370,6,,,37.4,17,,,,,0.16,,,20.6,281,29,65,3.3,,,,,,,,,0.05,,,1.3,144,5.4,14,,11,3.1,1.1,,0.65,4.6,,3.2,,2.75,,1.8,0.23,,,,,,,,,,,0.3,0.18,,,,,,,,,,,,,,,,,,,,,,,,,109748,
[4890],CONVERGENT MARGIN,NEW HEBRIDES ARC - VANUATU ARCHIPELAGO / CENTRAL NEW HEBRIDES ARC / STATION 42 / PACIFIC OCEAN,"CENTRAL HORST (W SLOPE), VOT TANDE AREA",-13.3316,-13.3316,166.9416,166.9416,SUBAQUATIC,-1650,-2140,s VOT4294 [4890],BASALT [4890],,,,,,,,,VOLCANIC ROCK,,,FRESH,,WHOLE_ROCK [4890] ,255079.27950000003,5693.73,,80181.5265,,68890.9,,,61035.38,26473.455999999995,1394.0244,,14527.625,21217.1102,3796.8627,,,,,,,,,,,,,,,,,,,,,,,,,,,,,,,,,,,,,,,,,,,,,,,,,,,,,,,,,,,37,395,,80,,,,,,,,,,,,,,270,8.5,18.7,,11.1,3.4,1,3.4,,3.2,,2.1,,2.1,0.32,,,,,,,,,,,,,,,,,,,,,,,,,,,,,,,,,,,,,,,109749,
[4890],CONVERGENT MARGIN,NEW HEBRIDES ARC - VANUATU ARCHIPELAGO / CENTRAL NEW HEBRIDES ARC / STATION 42 / PACIFIC OCEAN,"CENTRAL HORST (W SLOPE), VOT TANDE AREA",-13.3316,-13.3316,166.9416,166.9416,SUBAQUATIC,-1650,-2140,s VOT4295 [4890],BASALT [4890],,,,,,,,,VOLCANIC ROCK,,,FRESH,,WHOLE_ROCK [4890] ,265830.2845,4794.72,,83145.33210000001,,68331.37999999999,,,54317.2,23217.04,1239.1328,,19176.465,19065.724899999997,1440.1893,,,,,,,,,,,,,,,,,,,,,,,,,,,,,,,,,,,,,,,,,,,,,,,,,,,,,,,,,,,47,395,,76,,,,,,,,,,,,,,326,7.6,17.1,,9.6,3,0.84,2.6,,2.8,,1.8,,1.7,0.29,,,,,,,,,,,,,,,,,,,,,,,,,,,,,,,,,,,,,,,109750,
[4890],CONVERGENT MARGIN,NEW HEBRIDES ARC - VANUATU ARCHIPELAGO / CENTRAL NEW HEBRIDES ARC / PACIFIC OCEAN,"SOUTHERN SCARP OF WESTERN TERMINATION (BASIS), HAZEL HOME AREA",-13.666,-13.693,168.5,168.5,SUBAQUATIC,-2870,-3800,s HAZ14M2 [4890],THOLEIITE [4890],,,,,,,,,VOLCANIC ROCK,,,FRESH,,WHOLE_ROCK [4890] ,211280.62000000002,9109.967999999999,,84944.78550000001,,11400.22,64593.630000000005,,77544.95,43780.704,1084.2412000000002,,1743.3149999999998,21068.7388,654.6315,,20600.,30000,,,,,,,,,,,,,,,,,,,,,,,,,,,,,,,,,,,,,,,,,37.6,,213,356,,,48.7,199,,,,,,,,2.4,318,27,93,7.2,,,,,,,,,0.01,,,0.29,36.7,6.9,17,,12,2.9,1.1,,4.1,3,,2.55,,2.9,,2.4,0.6,,,,,,,,,,,0.68,0.22,,,,,,,,,,,,,,,,,,,,,,,,,109751,
[4890],CONVERGENT MARGIN,NEW HEBRIDES ARC - VANUATU ARCHIPELAGO / CENTRAL NEW HEBRIDES ARC / PACIFIC OCEAN,"SOUTHERN SCARP OF WESTERN TERMINATION (BASIS), HAZEL HOME AREA",-13.666,-13.693,168.5,168.5,SUBAQUATIC,-2870,-3800,s HAZ14M1 [4890],THOLEIITE [4890],,,,,,,,,VOLCANIC ROCK,,,FRESH,,WHOLE_ROCK [4890] ,215487.53500000003,8930.166,,79863.9759,,10840.7,61639.89,,75686.73,47760.768,1239.1328,,2158.39,21365.4816,436.42100000000005,,20200.,31600.,,,,,,,,,,,,,,,,,,,,,,,,,,,,,,,,,,,,,,,,,34.2,,195,390,,,44.8,204,,,,,,,,,,27,89,7.5,,,,,,,,,0.1,,,0.11,,7.3,17,,11,3,1.25,,0.59,4,,2.5,,2.4,,,0.55,,,,,,,,,,,0.59,0.3,,,,,,,,,,,,,,,,,,,,,,,,,109752,
[4890],CONVERGENT MARGIN,NEW HEBRIDES ARC - VANUATU ARCHIPELAGO / CENTRAL NEW HEBRIDES ARC / PACIFIC OCEAN,"SOUTHERN SCARP OF WESTERN TERMINATION (BASIS), HAZEL HOME AREA",-13.666,-13.693,168.5,168.5,SUBAQUATIC,-2870,-3800,s HAZ14M7 [4890],THOLEIITE [4890],,,,,,,,,VOLCANIC ROCK,,,FRESH,,WHOLE_ROCK [4890] ,,,,,,,,,,,,,,,,,,,,,,,,,,,,,,,,,,,,,,,,,,,,,,,,,,,,,,,,,,,23,,,39,,,24.4,23,,,,,,,,2,190,,77,,,,,,,,,,0.07,,,0.02,17.5,4.1,11.7,,,2.3,0.78,,0.48,,,,,1.8,,2,0.29,,,,,,,,,,,0.44,0.2,,,,,,,,,,,,,,,,,,,,,,,,,109753,
[4890],CONVERGENT MARGIN,NEW HEBRIDES ARC - VANUATU ARCHIPELAGO / CENTRAL NEW HEBRIDES ARC / PACIFIC OCEAN,"SOUTHERN SCARP OF WESTERN TERMINATION (BASIS), HAZEL HOME AREA",-13.666,-13.693,168.5,168.5,SUBAQUATIC,-2870,-3800,s HAZ14M14 [4890],THOLEIITE [4890],,,,,,,,,VOLCANIC ROCK,,,FRESH,,WHOLE_ROCK [4890] ,225303.67000000004,12346.404,,76953.0954,,13148.72,74620.8,,64680.350000000006,43720.399999999994,1471.4702,,3320.6000000000004,28338.9374,654.6315,,19400.,2800.0000000000005,,,,,,,,,,,,,,,,,,,,,,,,,,,,,,,,,,,,,,,,,40.6,,297,115,,,41.7,48,,,,,1.1,,,4.4,466,30,116,20,,,,,,,,,0.09,,,0.07,118,15,32,,19,4.1,1.55,,0.73,5,,3.2,,2.55,,3,1.54,,,,,,,,,,,1.74,0.45,,,,,,,,,,,,,,,,,,,,,,,,,109754,
[4890],CONVERGENT MARGIN,NEW HEBRIDES ARC - VANUATU ARCHIPELAGO / CENTRAL NEW HEBRIDES ARC / PACIFIC OCEAN,"SOUTHERN SCARP OF WESTERN TERMINATION (TOP), HAZEL HOME AREA",-13.6833,-13.689,168.495,168.495,SUBAQUATIC,-2500,-2900,s HAZ15M6 [4890],THOLEIITE [4890],,,,,,,,,VOLCANIC ROCK,,,FRESH,,WHOLE_ROCK [4890] ,239326.72000000003,4315.248,,90237.29550000001,,10491.,59463.450000000004,,76758.78,32865.68,1316.5786,,5645.02,17952.9394,523.7052,,7800.,6300.,,,,,,,,,,,,,,,,,,,,,,,,,,,,,,,,,,,,,,,,,36.1,,249,53,,,35.2,35,,,,,,,,8.8,356,16,30,3.7,,,,,,,,,0.13,,,0.16,88,5.2,10.5,,7.5,2,0.8,,0.36,2.5,,1.6,,1.35,,1.1,0.24,,,,,,,,,,,0.4,0.14,,,,,,,,,,,,,,,,,,,,,,,,,109755,
[4890],CONVERGENT MARGIN,NEW HEBRIDES ARC - VANUATU ARCHIPELAGO / CENTRAL NEW HEBRIDES ARC / PACIFIC OCEAN,"SOUTHERN SCARP OF WESTERN TERMINATION (BASIS), HAZEL HOME AREA",-13.666,-13.693,168.5,168.5,SUBAQUATIC,-2870,-3800,s HAZ14M5 [4890],THOLEIITE [4890],,,,,,,,,VOLCANIC ROCK,,,FRESH,,WHOLE_ROCK [4890] ,245403.37500000003,4495.049999999999,,86267.913,,10071.359999999999,56898.36,,29374.170000000002,36664.831999999995,1239.1328,,830.1500000000001,45104.9056,654.6315,,38100.,6899.999999999999,,,,,,,,,,,,,,,,,,,,,,,,,,,,,,,,,,,,,,,,,29.7,,163,51,,,33.6,32,,,,,,,,1.4,158,18,47,3,,,,,,,,,0.1,,,0.01,6,4.3,12.5,,8,2,0.75,,0.39,2.9,,1.8,,1.65,,1.24,0.15,,,,,,,,,,,0.27,0.11,,,,,,,,,,,,,,,,,,,,,,,,,109756,
[4890],CONVERGENT MARGIN,NEW HEBRIDES ARC - VANUATU ARCHIPELAGO / CENTRAL NEW HEBRIDES ARC / PACIFIC OCEAN,"SOUTHERN SCARP OF WESTERN TERMINATION (TOP), HAZEL HOME AREA",-13.6833,-13.689,168.495,168.495,SUBAQUATIC,-2500,-2900,s HAZ15M12 [4890],DACITE [4890],,,,,,,,,VOLCANIC ROCK,,,FRESH,,WHOLE_ROCK [4890] ,293549.18,3715.908,,85050.6357,,4895.799999999999,27982.8,,5217.3099999999995,9889.855999999998,851.9038,,38684.99,44437.2343,785.5577999999999,,15900.,3900.,,,,,,,,,,,,,,,,,,,,,,,,,,,,,,,,,,,,,,,,,7.3,,,,,,6.1,5,,,,,2.5,,,66.8,80,28,158,5.6,,,,,,,,,0.2,,,0.06,600,16,33,,20,4.5,1.05,,0.65,4,,2.8,,3,,4.6,0.35,,,,,,,,,,,3.4,1.48,,,,,,,,,,,,,,,,,,,,,,,,,109757,
[4890],CONVERGENT MARGIN,NEW HEBRIDES ARC - VANUATU ARCHIPELAGO / CENTRAL NEW HEBRIDES ARC / EFATE / PACIFIC OCEAN,,-17.658,-17.6633,169.4383,169.4383,SUBAQUATIC,-1200,-1960,s EFA27M12 [4890],"BASALT, CALC-ALKALINE [4890]",,,,,,,,,VOLCANIC ROCK,,,FRESH,,WHOLE_ROCK [4890] ,217357.27500000002,5094.389999999999,,79916.901,,9511.84,54022.35,,68253.85,56987.27999999999,1161.687,,5811.049999999999,18323.8679,436.42100000000005,,34000.,27100.,,,,,,,,,,,,,,,,,,,,,,,,,,,,,,,,,,,,,,,,,38.6,,237,255,,,34.6,65,,,,,,,,7.7,354,20,34,1,,,,,,,,,0.061,,,0.068,54,2.7,9,,6,2.02,0.9,,0.422,3,,2,,1.75,,1.25,0.068,,,,,,,,,,,0.314,0.15,,,,,,,,,,,,,,,,,,,,,,,,,109758,
[4890],CONVERGENT MARGIN,NEW HEBRIDES ARC - VANUATU ARCHIPELAGO / CENTRAL NEW HEBRIDES ARC / EFATE / PACIFIC OCEAN,,-17.636,-17.64,169.4266,169.4266,SUBAQUATIC,-600,-980,s EFA29M6 [4890],BASALT [4890],,,,,,,,,VOLCANIC ROCK,,,FRESH,,WHOLE_ROCK [4890] ,222031.62500000003,4135.445999999999,,72242.76150000001,,8462.74,48114.87,,52173.1,62113.12,1394.0244,,15523.805,17211.0824,872.8420000000001,,28900.,46500.,,,,,,,,,,,,,,,,,,,,,,,,,,,,,,,,,,,,,,,,,32.6,,240,317,,,44.9,160,,,,,0.68,,,19.1,757,14,33,1.6,,,,,,,,,0.018,,,0.46,677,3.3,9,,6,1.79,0.75,,0.328,2.5,,1.8,,1.35,,0.95,0.052,,,,,,,,,,,0.368,0.39,,,,,,,,,,,,,,,,,,,,,,,,,109759,
[4890],CONVERGENT MARGIN,NEW HEBRIDES ARC - VANUATU ARCHIPELAGO / CENTRAL NEW HEBRIDES ARC / EFATE / PACIFIC OCEAN,,-17.391,-17.393,169.15,169.15,SUBAQUATIC,-1250,-1570,s EFA31M2 [4890],BASALT [4890],,,,,,,,,VOLCANIC ROCK,,,FRESH,,WHOLE_ROCK [4890] ,241663.89500000002,4435.116,,82033.905,,9302.02,52545.479999999996,,82190.5,44263.136,1161.687,,3154.57,17433.6395,654.6315,,3000.,1200.,,,,,,,,,,,,,,,,,,,,,,,,,,,,,,,,,,,,,,,,,33.8,,264,209,,,33.7,72,,,,,1.04,,,4.8,395,16,34,1.6,,,,,,,,,0.037,,,0.22,82.4,3.7,9,,7,1.84,0.7,,0.339,2.5,,1.6,,1.55,,1.03,0.068,,,,,,,,,,,0.418,0.14,,,,,,,,,,,,,,,,,,,,,,,,,109760,
[4890],CONVERGENT MARGIN,NEW HEBRIDES ARC - VANUATU ARCHIPELAGO / CENTRAL NEW HEBRIDES ARC / EFATE / PACIFIC OCEAN,,-17.391,-17.393,169.15,169.15,SUBAQUATIC,-1250,-1570,s EFA31M1 [4890],BASALT [4890],,,,,,,,,VOLCANIC ROCK,,,FRESH,,WHOLE_ROCK [4890] ,243066.2,4315.248,,81240.0285,,9302.02,52545.479999999996,,82547.85,44444.047999999995,1161.687,,3403.615,16840.1539,654.6315,,900.,1000.,,,,,,,,,,,,,,,,,,,,,,,,,,,,,,,,,,,,,,,,,35.7,,252,236,,,34.9,74,,,,,1.41,,,5.6,402,16,35,1.7,,,,,,,,,0.058,,,0.22,81.3,3.9,10,,6.5,1.88,0.8,,0.355,2.5,,1.7,,1.5,,1.12,0.075,,,,,,,,,,,0.438,0.22,,,,,,,,,,,,,,,,,,,,,,,,,109761,
[4890],CONVERGENT MARGIN,NEW HEBRIDES ARC - VANUATU ARCHIPELAGO / CENTRAL NEW HEBRIDES ARC / EFATE / PACIFIC OCEAN,,-17.3866,-17.3883,169.041,169.041,SUBAQUATIC,-1200,-1270,s EFA30M2 [4890],BASALT [4890],,,,,,,,,VOLCANIC ROCK,,,FRESH,,WHOLE_ROCK [4890] ,247740.55000000002,3176.502,,69966.98220000001,,9931.48,56354.25,,65609.45999999999,61992.511999999995,1239.1328,,5146.93,14243.6544,218.21050000000002,,3200.,1200.,,,,,,,,,,,,,,,,,,,,,,,,,,,,,,,,,,,,,,,,,32.3,,214,388,,,44.7,188,,,,,1,,,10.2,352,14,34,1,,,,,,,,,0.044,,,0.3,178,4,9.5,,5.5,1.47,0.55,,0.266,2.2,,1.5,,1.4,,0.98,0.04,,,,,,,,,,,0.68,0.23,,,,,,,,,,,,,,,,,,,,,,,,,109762,
[4890],CONVERGENT MARGIN,NEW HEBRIDES ARC - VANUATU ARCHIPELAGO / CENTRAL NEW HEBRIDES ARC / EFATE / PACIFIC OCEAN,,-17.3866,-17.3883,169.041,169.041,SUBAQUATIC,-1200,-1270,s EFA30M1 [4890],BASALT [4890],,,,,,,,,VOLCANIC ROCK,,,FRESH,,WHOLE_ROCK [4890] ,254284.64,3596.0399999999995,,80975.403,,9441.900000000001,53400.51,,64108.590000000004,46554.687999999995,1161.687,,6226.125,16024.111200000001,436.42100000000005,,2700.,1000.,,,,,,,,,,,,,,,,,,,,,,,,,,,,,,,,,,,,,,,,,27.7,,218,178,,,34.8,121,,,,,1.31,,,11.5,351,15,39,1.2,,,,,,,,,0.05,,,0.34,200,4.7,9.5,,6.5,1.62,0.6,,0.298,2.3,,1.7,,1.45,,1.16,0.052,,,,,,,,,,,0.777,0.13,,,,,,,,,,,,,,,,,,,,,,,,,109763,
[4890],CONVERGENT MARGIN,NEW HEBRIDES ARC - VANUATU ARCHIPELAGO / CENTRAL NEW HEBRIDES ARC / EFATE / PACIFIC OCEAN,,-17.658,-17.6633,169.4383,169.4383,SUBAQUATIC,-1200,-1960,s EFA27M17 [4890],BASALT [4890],,,,,,,,,VOLCANIC ROCK,,,FRESH,,WHOLE_ROCK [4890] ,288874.83,4794.72,,84097.9839,,5944.9,33734.82,,20154.539999999997,12121.103999999998,542.1206000000001,,46488.399999999994,33383.565,1309.263,,4100.,1800.,,,,,,,,,,,,,,,,,,,,,,,,,,,,,,,,,,,,,,,,,8.8,,140,42,,,6.7,17,,,,,0.8,,,96,257,21,90,3.7,,,,,,,,,0.1,,,0.68,818,14.3,31,,20,3.9,1.05,,0.53,3.3,,2.1,,1.9,,4.2,0.21,,,,,,,,,,,4.1,2.2,,,,,,,,,,,,,,,,,,,,,,,,,109764,
[4890],CONVERGENT MARGIN,NEW HEBRIDES ARC - VANUATU ARCHIPELAGO / CENTRAL NEW HEBRIDES ARC / EFATE / PACIFIC OCEAN,,-17.658,-17.6633,169.4383,169.4383,SUBAQUATIC,-1200,-1960,s EFA27M1 [4890],BASALT [4890],,,,,,,,,VOLCANIC ROCK,,,FRESH,,WHOLE_ROCK [4890] ,294484.05000000005,2577.162,,79017.1743,,4546.1,25650.899999999998,,16652.510000000002,6030.4,929.3496,,41175.44,34422.1648,654.6315,,27300.,15900.,,,,,,,,,,,,,,,,,,,,,,,,,,,,,,,,,,,,,,,,,8.2,,40,7,,,7.7,1.9,,,,,3.7,,,57.6,297,27,205,5.1,,,,,,,,,0.23,,,1.78,912,24.5,50,,25,5,1.1,,0.62,4.1,,2.8,,2.85,,6,0.34,,,,,,,,,,,7.4,2.7,,,,,,,,,,,,,,,,,,,,,,,,,111061,
[4890],CONVERGENT MARGIN,NEW HEBRIDES ARC - VANUATU ARCHIPELAGO / CENTRAL NEW HEBRIDES ARC / EFATE / PACIFIC OCEAN,,-17.658,-17.6633,169.4383,169.4383,SUBAQUATIC,-1200,-1960,s EFA27M4 [4890],BASALT [4890],,,,,,,,,VOLCANIC ROCK,,,FRESH,,WHOLE_ROCK [4890] ,296353.79000000004,2996.7,,79863.9759,,4755.92,26894.579999999998,,16581.039999999997,5125.839999999999,929.3496,,40843.38,33754.4935,654.6315,,26500.,4400.,,,,,,,,,,,,,,,,,,,,,,,,,,,,,,,,,,,,,,,,,,,49,2,,,7,1,,,,,,,,97,272,28,214,5.3,,,,,,,,,,,,,825,25,50,,24,,1.1,,,4.1,,3,,3,,,,,,,,,,,,,,,,,,,,,,,,,,,,,,,,,,,,,,,,111062,
[4890],CONVERGENT MARGIN,NEW HEBRIDES ARC - VANUATU ARCHIPELAGO / CENTRAL NEW HEBRIDES ARC / EFATE / PACIFIC OCEAN,,-17.636,-17.64,169.4266,169.4266,SUBAQUATIC,-600,-980,s EFA29M3 [4890],BASALT [4890],,,,,,,,,VOLCANIC ROCK,,,FRESH,,WHOLE_ROCK [4890] ,299158.4,2996.7,,79811.0508,,4616.04,26272.739999999998,,15794.869999999999,4884.624,929.3496,,39764.185,33457.7507,654.6315,,22599.999999999996,9900.,,,,,,,,,,,,,,,,,,,,,,,,,,,,,,,,,,,,,,,,,,,50,3,,,7,2,,,,,,,,65,256,29,218,6.2,,,,,,,,,,,,,819,25,51,,25,,1.1,,,4.5,,3,,3.05,,,,,,,,,,,,,,,,,,,,,,,,,,,,,,,,,,,,,,,,111063,
[4890],CONVERGENT MARGIN,NEW HEBRIDES ARC - VANUATU ARCHIPELAGO / CENTRAL NEW HEBRIDES ARC / EFATE / PACIFIC OCEAN,,-17.6366,-17.64,169.44,169.44,SUBAQUATIC,-700,-1270,s EFA28M1 [4890],BASALT [4890],,,,,,,,,VOLCANIC ROCK,,,FRESH,,WHOLE_ROCK [4890] ,302897.88,3895.71,,79123.0245,,4196.4,23940.84,,6718.179999999999,14895.088,697.0122,,51884.375,25742.4379,1745.6840000000002,,15400.,6100.,,,,,,,,,,,,,,,,,,,,,,,,,,,,,,,,,,,,,,,,,,,83,10,,,7,10,,,,,,,,114,153,22.5,150,3.7,,,,,,,,,,,,,1045,15.2,34,,19,,0.95,,,3.4,,2.3,,2.2,,,,,,,,,,,,,,,,,,,,,,,,,,,,,,,,,,,,,,,,111064,
[4890],CONVERGENT MARGIN,NEW HEBRIDES ARC - VANUATU ARCHIPELAGO / CENTRAL NEW HEBRIDES ARC / EFATE / PACIFIC OCEAN,,-17.643,-17.6566,169.4266,169.4266,SUBAQUATIC,-1850,-2080,s EFA26M6 [4890],DACITE [4890],,,,,,,,,VOLCANIC ROCK,,,FRESH,,WHOLE_ROCK [4890] ,307104.79500000004,3296.37,,76000.4436,,4965.74,28215.989999999998,,18439.260000000002,6331.92,929.3496,,30715.550000000003,35831.6931,654.6315,,21600.,3300.,,,,,,,,,,,,,,,,,,,,,,,,,,,,,,,,,,,,,,,,,10.3,,45,2,,,6.3,2,,,,,6.1,,,65.4,228,37,210,4.5,,,,,,,,,0.23,,,2.2,1017,25,51,,28,6.1,1.3,,0.84,5.3,,3.7,,3.9,,6.1,0.3,,,,,,,,,,,5.1,1.85,,,,,,,,,,,,,,,,,,,,,,,,,111065,
[4890],CONVERGENT MARGIN,NEW HEBRIDES ARC - VANUATU ARCHIPELAGO / CENTRAL NEW HEBRIDES ARC / EFATE / PACIFIC OCEAN,,-17.643,-17.6566,169.4266,169.4266,SUBAQUATIC,-1850,-2080,s EFA26M7 [4890],DACITE [4890],,,,,,,,,VOLCANIC ROCK,,,FRESH,,WHOLE_ROCK [4890] ,309909.405,3655.9739999999997,,74941.9416,,4825.86,27438.69,,16938.39,6090.704,929.3496,,30051.43,35312.3932,872.8420000000001,,19100.,700.0000000000001,,,,,,,,,,,,,,,,,,,,,,,,,,,,,,,,,,,,,,,,,,,52,2,,,5,1,,,,,,,,70,272,38,210,4.8,,,,,,,,,,,,,950,25,50,,28,,1.45,,,5.6,,4,,4.05,,,,,,,,,,,,,,,,,,,,,,,,,,,,,,,,,,,,,,,,111066,
[4890],CONVERGENT MARGIN,NEW HEBRIDES ARC - VANUATU ARCHIPELAGO / CENTRAL NEW HEBRIDES ARC / ERROMANGO (=EROMANGA) / PACIFIC OCEAN,WESTERN SCARP OF NORTHWESTERN TERMINATION (BASIS),-18.8133,-18.8266,169.6633,169.6633,SUBAQUATIC,,,s ERR22M1 [4890],"BASALT, CALC-ALKALINE [4890]",,,,,,,,,VOLCANIC ROCK,,,FRESH,,WHOLE_ROCK [4890] ,229043.15000000002,4734.786,,77958.6723,,10770.76,61251.24,,92482.18,39257.903999999995,1316.5786,,6724.215,15430.6256,872.8420000000001,,19500.,6800.000000000001,,,,,,,,,,,,,,,,,,,,,,,,,,,,,,,,,,,,,,,,,,,306,298,,,38,101,,,,,,,,13,405,17,54,1.3,,,,,,,,,,,,,108,4.9,12,,8,,0.9,,,2.5,,1.7,,1.6,,,,,,,,,,,,,,,,,,,,,,,,,,,,,,,,,,,,,,,,111067,
[4890],CONVERGENT MARGIN,NEW HEBRIDES ARC - VANUATU ARCHIPELAGO / CENTRAL NEW HEBRIDES ARC / ERROMANGO (=EROMANGA) / PACIFIC OCEAN,ISOLATED VOLCANIC CONE TO THE NORTH OF THE TROUGH,-18.531,-18.54,169.5716,169.58,SUBAQUATIC,-750,-910,s ERR25M2 [4890],"BASALT, CALC-ALKALINE [4890]",,,,,,,,,VOLCANIC ROCK,,,FRESH,,WHOLE_ROCK [4890] ,235119.805,5633.795999999999,,89125.8684,,12938.900000000001,73454.84999999999,,75400.85,35639.664,1239.1328,,5146.93,18323.8679,654.6315,,-1400.0000000000002,1300.,,,,,,,,,,,,,,,,,,,,,,,,,,,,,,,,,,,,,,,,,37.4,,368,40,,,40.2,33,,,,,1.5,,,10.8,606,20,42,1.2,,,,,,,,,0.08,,,0.35,168,5.8,15,,10,2.8,0.95,,0.51,3.2,,2.1,,1.9,,1.4,0.13,,,,,,,,,,,0.71,0.25,,,,,,,,,,,,,,,,,,,,,,,,,111068,
[4890],CONVERGENT MARGIN,NEW HEBRIDES ARC - VANUATU ARCHIPELAGO / CENTRAL NEW HEBRIDES ARC / ERROMANGO (=EROMANGA) / PACIFIC OCEAN,ISOLATED VOLCANIC CONE TO THE NORTH OF THE TROUGH,-18.531,-18.54,169.5716,169.58,SUBAQUATIC,-750,-910,s ERR25M4 [4890],"BASALT, CALC-ALKALINE [4890]",,,,,,,,,VOLCANIC ROCK,,,FRESH,,WHOLE_ROCK [4890] ,,,,,,,,,,,,,,,,,,,,,,,,,,,,,,,,,,,,,,,,,,,,,,,,,,,,,,,,,,,35.4,,,42,,,39.1,33,,,,,,,,7.7,620,17,42,1.3,,,,,,,,,0.08,,,0.19,152,3.8,10,,7,2.8,0.7,,0.47,2.5,,1.8,,1.6,,1.3,0.094,,,,,,,,,,,0.58,0.26,,,,,,,,,,,,,,,,,,,,,,,,,111069,
[4890],CONVERGENT MARGIN,NEW HEBRIDES ARC - VANUATU ARCHIPELAGO / CENTRAL NEW HEBRIDES ARC / ERROMANGO (=EROMANGA) / PACIFIC OCEAN,WESTERN SCARP OF NORTHWESTERN TERMINATION (TOP),-18.7966,-18.7983,169.585,169.585,SUBAQUATIC,-900,-1420,s ERR24M6 [4890],"BASALT, CALC-ALKALINE [4890]",,,,,,,,,VOLCANIC ROCK,,,FRESH,,WHOLE_ROCK [4890] ,239794.155,4734.786,,95953.2063,,10491.,59541.18,,75615.26,25991.023999999998,1239.1328,,7056.275,21142.9245,436.42100000000005,,7200.,7600.,,,,,,,,,,,,,,,,,,,,,,,,,,,,,,,,,,,,,,,,,,,368,58,,,24,24,,,,,,,,10,410,33,43,1.3,,,,,,,,,,,,,283,6.4,14,,12,,1.3,,,4.4,,2.7,,2.45,,,,,,,,,,,,,,,,,,,,,,,,,,,,,,,,,,,,,,,,111070,
[4890],CONVERGENT MARGIN,NEW HEBRIDES ARC - VANUATU ARCHIPELAGO / CENTRAL NEW HEBRIDES ARC / ERROMANGO (=EROMANGA) / PACIFIC OCEAN,WESTERN SCARP OF NORTHWESTERN TERMINATION (TOP),-18.7966,-18.7983,169.585,169.585,SUBAQUATIC,-900,-1420,s ERR24M4 [4890],ANDESITE [4890],,,,,,,,,VOLCANIC ROCK,,,FRESH,,WHOLE_ROCK [4890] ,245403.37500000003,3596.0399999999995,,78329.148,,10840.7,61406.700000000004,,73828.51,43479.183999999994,1084.2412000000002,,6890.245,17952.9394,436.42100000000005,,1200.,2300.,,,,,,,,,,,,,,,,,,,,,,,,,,,,,,,,,,,,,,,,,37.7,,255,256,,,37.4,75,,,,,1.9,,,12.8,424,,54,,,,,,,,,,0.12,,,0.55,218,3.7,6.9,,,2,0.7,,,0.4,,,,2.1,,1.4,0.065,,,,,,,,,,,0.55,0.27,,,,,,,,,,,,,,,,,,,,,,,,,111071,
[4890],CONVERGENT MARGIN,NEW HEBRIDES ARC - VANUATU ARCHIPELAGO / CENTRAL NEW HEBRIDES ARC / ERROMANGO (=EROMANGA) / PACIFIC OCEAN,WESTERN SCARP OF NORTHWESTERN TERMINATION (TOP),-18.7966,-18.7983,169.585,169.585,SUBAQUATIC,-900,-1420,s ERR24M3 [4890],DACITE [4890],,,,,,,,,VOLCANIC ROCK,,,FRESH,,WHOLE_ROCK [4890] ,303832.75,3715.908,,77270.64600000001,,6854.12,38865,,25729.2,6693.744000000001,1084.2412000000002,,24572.44,31083.8083,1091.0525,,9200.,2700.,,,,,,,,,,,,,,,,,,,,,,,,,,,,,,,,,,,,,,,,,14.1,,35,,,,9.3,0.9,,,,,6.9,,,49.4,244,38,153,3.4,,,,,,,,,0.47,,,2.2,626,12.5,28,,19,4.6,1.25,,0.84,5.8,,3.8,,3.9,,4.7,0.25,,,,,,,,,,,2,1.18,,,,,,,,,,,,,,,,,,,,,,,,,111072,
[4890],CONVERGENT MARGIN,NEW HEBRIDES ARC - VANUATU ARCHIPELAGO / CENTRAL NEW HEBRIDES ARC / FUTUNA / PACIFIC OCEAN,SOUTHEASTERN SCARP OF THE TROUGH (TOP),-19.77,-19.77,170.3183,170.3433,SUBAQUATIC,,,s FUT19M1 [4890],BASALT [4890],,,,,,,,,VOLCANIC ROCK,,,FRESH,,WHOLE_ROCK [4890] ,233717.50000000003,5993.4,,78858.399,,8462.74,47881.68,,74757.62000000001,58012.44799999999,1858.6992,,6890.245,16988.5253,1091.0525,,11200.000000000002,6100.,,,,,,,,,,,,,,,,,,,,,,,,,,,,,,,,,,,,,,,,,32.9,,231,943,,,39.2,324,,,,,0.9,,,12.2,789,18.5,68,6.3,,,,,,,,,0.1,,,0.36,106,9.2,19.5,,12,2.8,1,,0.45,3.1,,2,,1.6,,1.8,0.46,,,,,,,,,,,0.85,0.32,,,,,,,,,,,,,,,,,,,,,,,,,111073,
[4890],CONVERGENT MARGIN,NEW HEBRIDES ARC - VANUATU ARCHIPELAGO / CENTRAL NEW HEBRIDES ARC / FUTUNA / PACIFIC OCEAN,SMALL SOUTHERN RELIEF ON THE TROUGH BOTTOM,-19.9016,-19.925,170.2833,170.31,SUBAQUATIC,-3150,-3280,s FUT21M7 [4890],"BASALT, CALC-ALKALINE [4890]",,,,,,,,,VOLCANIC ROCK,,,FRESH,,WHOLE_ROCK [4890] ,234652.37000000002,2996.7,,69649.43160000001,,10071.359999999999,57287.01,,82762.26,64284.064,1239.1328,,2656.48,12834.1261,349.1368,,11299.999999999998,4300.,,,,,,,,,,,,,,,,,,,,,,,,,,,,,,,,,,,,,,,,,39.7,,216,574,,,47,146,,,,,0.6,,,4.8,321,14,30,1.5,,,,,,,,,0.06,,,0.25,52.7,1.7,4,,3,1.1,0.5,,0.29,1.9,,1.4,,1.35,,1,0.043,,,,,,,,,,,0.12,0.09,,,,,,,,,,,,,,,,,,,,,,,,,111074,
[4890],CONVERGENT MARGIN,NEW HEBRIDES ARC - VANUATU ARCHIPELAGO / CENTRAL NEW HEBRIDES ARC / FUTUNA / PACIFIC OCEAN,VOLCANIC CONE ON THE NW FLANK OF THE TROUGH,-19.4166,-19.4266,169.91,169.925,SUBAQUATIC,-1000,-1400,s FUT20M4 [4890],"BASALT, CALC-ALKALINE [4890]",,,,,,,,,VOLCANIC ROCK,,,FRESH,,WHOLE_ROCK [4890] ,236054.67500000002,5154.324,,96852.933,,9791.599999999999,55499.219999999994,,82047.56,27257.407999999996,1239.1328,,3818.69,19065.724899999997,436.42100000000005,,15900.,2200.,,,,,,,,,,,,,,,,,,,,,,,,,,,,,,,,,,,,,,,,,32.9,,279,22,,,30,32,,,,,0.6,,,5.8,336,19,37,1,,,,,,,,,0.04,,,0.17,110,3.3,9,,8,2.3,0.9,,0.44,2.9,,2,,1.75,,1.2,0.021,,,,,,,,,,,0.29,0.13,,,,,,,,,,,,,,,,,,,,,,,,,111075,
[4890],CONVERGENT MARGIN,NEW HEBRIDES ARC - VANUATU ARCHIPELAGO / CENTRAL NEW HEBRIDES ARC / FUTUNA / PACIFIC OCEAN,SMALL SOUTHERN RELIEF ON THE TROUGH BOTTOM,-19.9016,-19.925,170.2833,170.31,SUBAQUATIC,-3150,-3280,s FUT21M1 [4890],"BASALT, CALC-ALKALINE [4890]",,,,CENOZOIC [4890],,,,,VOLCANIC ROCK,,,FRESH,,WHOLE_ROCK [4890] ,237223.2625,3835.776,,74994.8667,,10141.3,57442.469999999994,,83619.9,52645.392,1239.1328,,7969.44,14243.6544,1309.263,,5000.,5300.,,,,,,,,,,,,,,,,,,,,,,,,,,,,,,,,,,,,,,,,,41.3,,361,400,,,39.9,100,,,,,,,,13.7,618,22,84,2.3,,,,,,,,,0.04,,,0.24,157,17.5,45,,32,6.7,2,,0.65,3.6,,2.2,,1.8,,2.1,0.091,,,,,,,,,,,1.09,0.8,,,,,,,,,,,,,,,,,,,,,,,,,111076,
[4890],CONVERGENT MARGIN,NEW HEBRIDES ARC - VANUATU ARCHIPELAGO / CENTRAL NEW HEBRIDES ARC / FUTUNA / PACIFIC OCEAN,SOUTHEASTERN SCARP OF TROUGH (BASIS),-19.7966,-19.7966,170.275,170.275,SUBAQUATIC,-2500,-3320,s FUT16M1 [4890],BASALT [4890],,,,,,,,,VOLCANIC ROCK,,,FRESH,,WHOLE_ROCK [4890] ,249844.00750000004,4914.588,,77905.74720000001,,10071.359999999999,57287.01,,47956.37,27558.928,1394.0244,,15274.76,25297.3237,1309.263,,19900.,22300.,,,,,,,,,,,,,,,,,,,,,,,,,,,,,,,,,,,,,,,,,25.5,,225,59,,,28.1,30,,,,,1.1,,,19.4,547,28,109,5.2,,,,,,,,,0.14,,,0.48,339,16,34,,20,4.4,1.4,,4.2,2.8,,2.7,,3.1,,3.1,0.28,,,,,,,,,,,2.2,0.74,,,,,,,,,,,,,,,,,,,,,,,,,111077,
[4890],CONVERGENT MARGIN,NEW HEBRIDES ARC - VANUATU ARCHIPELAGO / CENTRAL NEW HEBRIDES ARC / FUTUNA / PACIFIC OCEAN,SOUTHEASTERN SCARP OF THE TROUGH (MIDDLE),-19.78,-19.7933,170.2866,170.305,SUBAQUATIC,-1550,-1750,s FUT17M3 [4890],BASALT [4890],,,,,,,,,VOLCANIC ROCK,,,FRESH,,WHOLE_ROCK [4890] ,252882.33500000002,4075.512,,73936.3647,,9371.960000000001,53245.049999999996,,54817.49,31237.471999999998,1316.5786,,13614.46,23665.238299999997,1309.263,,18600.,13400.,,,,,,,,,,,,,,,,,,,,,,,,,,,,,,,,,,,,,,,,,28.4,,195,139,,,29.3,46,,,,,1.9,,,28.8,437,25,87,3.4,,,,,,,,,0.11,,,0.84,277,13.4,30,,17,4.1,1.2,,0.61,3.8,,2.6,,2.25,,2.5,0.22,,,,,,,,,,,1.76,0.79,,,,,,,,,,,,,,,,,,,,,,,,,111078,
[4890],CONVERGENT MARGIN,NEW HEBRIDES ARC - VANUATU ARCHIPELAGO / CENTRAL NEW HEBRIDES ARC / FUTUNA / PACIFIC OCEAN,VOLCANIC CONE ON THE NW FLANK OF THE TROUGH,-19.4166,-19.4266,169.91,169.925,SUBAQUATIC,-1000,-1400,s FUT20M6 [4890],"BASALT, CALC-ALKALINE [4890]",,,,,,,,,VOLCANIC ROCK,,,FRESH,,WHOLE_ROCK [4890] ,255686.94500000004,6532.8060000000005,,102992.2446,,7623.460000000001,43373.340000000004,,62035.96,17970.592,1006.7954,,6641.200000000001,28116.3803,654.6315,,1000.,800.,,,,,,,,,,,,,,,,,,,,,,,,,,,,,,,,,,,,,,,,,22,,206,15,,,18,16,,,,,1.3,,,10.1,329,28,90,2.1,,,,,,,,,0.06,,,0.32,147,6.7,17,,13,3.6,1.3,,0.64,4.2,,2.7,,2.6,,2.4,0.13,,,,,,,,,,,0.71,0.29,,,,,,,,,,,,,,,,,,,,,,,,,111113,
[4890],CONVERGENT MARGIN,NEW HEBRIDES ARC - VANUATU ARCHIPELAGO / CENTRAL NEW HEBRIDES ARC / FUTUNA / PACIFIC OCEAN,VOLCANIC CONE ON THE NW FLANK OF THE TROUGH,-19.4166,-19.4266,169.91,169.925,SUBAQUATIC,-1000,-1400,s FUT20M1 [4890],"BASALT, CALC-ALKALINE [4890]",,,,,,,,,VOLCANIC ROCK,,,FRESH,,WHOLE_ROCK [4890] ,257556.68500000003,7371.882,,93148.176,,8182.98,46249.35,,59463.04,28885.615999999998,1084.2412000000002,,4648.84,28709.8659,1309.263,,900.,600.,,,,,,,,,,,,,,,,,,,,,,,,,,,,,,,,,,,,,,,,,,,240,60,,,23,26,,,,,,,,7,249,32,142,2.6,,,,,,,,,,,,,68,7.5,21,,15,,1.3,,,4.8,,3.4,,3.1,,,,,,,,,,,,,,,,,,,,,,,,,,,,,,,,,,,,,,,,111114,
[4890],CONVERGENT MARGIN,NEW HEBRIDES ARC - VANUATU ARCHIPELAGO / CENTRAL NEW HEBRIDES ARC / FUTUNA / PACIFIC OCEAN,VOLCANIC CONE ON THE NW FLANK OF THE TROUGH,-19.4166,-19.4266,169.91,169.925,SUBAQUATIC,-1000,-1400,s FUT20M3 [4890],"BASALT, CALC-ALKALINE [4890]",,,,,,,,,VOLCANIC ROCK,,,FRESH,,WHOLE_ROCK [4890] ,260361.29500000004,5693.73,,91560.42300000001,,7903.219999999999,44850.21,,59320.100000000006,27498.623999999996,1084.2412000000002,,6558.185,25074.7666,654.6315,,5000.,1400.0000000000002,,,,,,,,,,,,,,,,,,,,,,,,,,,,,,,,,,,,,,,,,29.9,,218,89,,,22.8,50,,,,,1.7,,,11.6,363,27,86,2.3,,,,,,,,,0.1,,,0.38,145,6.2,17,,12,3.5,1.15,,0.62,3.9,,2.7,,2.55,,2.2,0.13,,,,,,,,,,,0.55,0.3,,,,,,,,,,,,,,,,,,,,,,,,,111115,
[4890],CONVERGENT MARGIN,NEW HEBRIDES ARC - VANUATU ARCHIPELAGO / NEW HEBRIDES BACK ARC TROUGH / CORIOLIS TROUGHS / PACIFIC OCEAN,"CORIOLIS TROUGHS, SMALL RIDGE, WITHIN THE EN ECHELON TERMINATION OF THE TROUGH",-20.515,-20.516,170.0083,170.0116,SUBAQUATIC,-2066,-2288,s ANA4311 [4890],DACITE [4890],,,,,,,,,VOLCANIC ROCK,,,FRESH,,WHOLE_ROCK [4890] ,280928.43500000006,5094.389999999999,,75947.5185,,67841.79999999999,,,36521.170000000006,12302.016,1548.9160000000002,,18927.42,31380.5511,1832.9682,,8700.,,,,,,,,,,,,,,,,,,,,,,,,,,,,,,,,,,,,,,,,,,19,,150,2,,,20,4,,,,,,,,25,408,36,107,1.75,,,,,,,,,,,,,270,10.85,,,20,,1.55,,,5.5,,3.8,,3.55,,,,,,,,,,,,,,,,,,,,,,,,,,,,,,,,,,,,,,,,111116,
[4890],CONVERGENT MARGIN,NEW HEBRIDES ARC - VANUATU ARCHIPELAGO / NEW HEBRIDES BACK ARC TROUGH / CORIOLIS TROUGHS / PACIFIC OCEAN,"CORIOLIS TROUGHS, SMALL RIDGE, WITHIN THE EN ECHELON TERMINATION OF THE TROUGH",-20.515,-20.516,170.0083,170.0116,SUBAQUATIC,-2066,-2288,s ANA4312 [4890],DACITE [4890],,,,,,,,,VOLCANIC ROCK,,,FRESH,,WHOLE_ROCK [4890] ,277656.39,5334.126,,80234.4516,,65813.54000000001,,,36449.7,11578.367999999999,1471.4702,,20255.66,35089.8361,1963.8945,,1500.,,,,,,,,,,,,,,,,,,,,,,,,,,,,,,,,,,,,,,,,,,19,,150,3,,,19,5,,,,,,,,30,420,39,112,1.95,,,,,,,,,,,,,284,12.45,,,21,,1.65,,,6.1,,4,,3.8,,,,,,,,,,,,,,,,,,,,,,,,,,,,,,,,,,,,,,,,111117,
[4890],CONVERGENT MARGIN,NEW HEBRIDES ARC - VANUATU ARCHIPELAGO / NEW HEBRIDES BACK ARC TROUGH / CORIOLIS TROUGHS / PACIFIC OCEAN,"CORIOLIS TROUGHS, SMALL RIDGE, WITHIN THE EN ECHELON TERMINATION OF THE TROUGH",-20.515,-20.516,170.0083,170.0116,SUBAQUATIC,-2066,-2288,s ANA4313 [4890],DACITE [4890],,,,,,,,,VOLCANIC ROCK,,,FRESH,,WHOLE_ROCK [4890] ,282097.0225,5214.258,,77799.897,,64134.979999999996,,,36735.579999999994,11638.671999999999,1316.5786,,19508.525,33161.0079,1832.9682,,700.0000000000001,,,,,,,,,,,,,,,,,,,,,,,,,,,,,,,,,,,,,,,,,,19.5,,160,5,,,19,5,,,,,,,,42,413,36,108,1.95,,,,,,,,,,,,,270,11.35,,,20,,1.5,,,5.4,,3.6,,3.3,,,,,,,,,,,,,,,,,,,,,,,,,,,,,,,,,,,,,,,,111118,
[4890],CONVERGENT MARGIN,NEW HEBRIDES ARC - VANUATU ARCHIPELAGO / NEW HEBRIDES BACK ARC TROUGH / CORIOLIS TROUGHS / PACIFIC OCEAN,"CORIOLIS TROUGHS, SMALL RIDGE, WITHIN THE EN ECHELON TERMINATION OF THE TROUGH",-20.515,-20.516,170.0083,170.0116,SUBAQUATIC,-2066,-2288,s ANA4314 [4890],DACITE [4890],,,,,,,,,VOLCANIC ROCK,,,FRESH,,WHOLE_ROCK [4890] ,277890.10750000004,4974.521999999999,,73830.5145,,68890.9,,,36449.7,12000.496,1626.3618,,19674.555,30935.436899999997,1789.3261,,14700.,,,,,,,,,,,,,,,,,,,,,,,,,,,,,,,,,,,,,,,,,,19,,157,3,,,20,5,,,,,,,,30,398,36,102,1.45,,,,,,,,,,,,,273,12.1,,,20,,1.7,,,5.7,,3.7,,3.5,,,,,,,,,,,,,,,,,,,,,,,,,,,,,,,,,,,,,,,,111119,
[4890],CONVERGENT MARGIN,NEW HEBRIDES ARC - VANUATU ARCHIPELAGO / NEW HEBRIDES BACK ARC TROUGH / CORIOLIS TROUGHS / PACIFIC OCEAN,"CORIOLIS TROUGHS, SMALL RIDGE, WITHIN THE EN ECHELON TERMINATION OF THE TROUGH",-20.515,-20.516,170.0083,170.0116,SUBAQUATIC,-2066,-2288,s ANA4315 [4890],DACITE [4890],,,,,,,,,VOLCANIC ROCK,,,FRESH,,WHOLE_ROCK [4890] ,274384.34500000003,4974.521999999999,,74571.4659,,68401.31999999999,,,36020.88,12000.496,1626.3618,,16935.06,32196.5938,1876.6103,,16200.000000000002,,,,,,,,,,,,,,,,,,,,,,,,,,,,,,,,,,,,,,,,,,18.5,,150,3,,,19,5,,,,,,,,24,400,36,105,0.85,,,,,,,,,,,,,257,11.35,,,20,,1.5,,,5.5,,3.7,,3.5,,,,,,,,,,,,,,,,,,,,,,,,,,,,,,,,,,,,,,,,111120,
[4890],CONVERGENT MARGIN,NEW HEBRIDES ARC - VANUATU ARCHIPELAGO / NEW HEBRIDES BACK ARC TROUGH / CORIOLIS TROUGHS / PACIFIC OCEAN,"CORIOLIS TROUGHS, SMALL RIDGE, WITHIN THE EN ECHELON TERMINATION OF THE TROUGH",-20.515,-20.516,170.0083,170.0116,SUBAQUATIC,-2066,-2288,s ANA4316 [4890],DACITE [4890],,,,,,,,,VOLCANIC ROCK,,,FRESH,,WHOLE_ROCK [4890] ,274150.6275,4974.521999999999,,73830.5145,,67631.98,,,35949.41,11698.975999999999,1626.3618,,17848.225,31899.851,1745.6840000000002,,19500.,,,,,,,,,,,,,,,,,,,,,,,,,,,,,,,,,,,,,,,,,,18.5,,153,3,,,20,5,,,,,,,,30,397,36,104,1.45,,,,,,,,,,,,,260,10.85,,,19,,1.45,,,5.5,,3.7,,3.45,,,,,,,,,,,,,,,,,,,,,,,,,,,,,,,,,,,,,,,,111125,
[4890],CONVERGENT MARGIN,NEW HEBRIDES ARC - VANUATU ARCHIPELAGO / NEW HEBRIDES BACK ARC TROUGH / CORIOLIS TROUGHS / PACIFIC OCEAN,"CORIOLIS TROUGHS, SMALL RIDGE, WITHIN THE EN ECHELON TERMINATION OF THE TROUGH",-20.515,-20.516,170.0083,170.0116,SUBAQUATIC,-2066,-2288,s ANA4318 [4890],DACITE [4890],,,,,,,,,VOLCANIC ROCK,,,FRESH,,WHOLE_ROCK [4890] ,273916.91000000003,4914.588,,73354.1886,,67142.4,,,35449.12,11759.279999999999,1626.3618,,17433.15,32641.708000000002,1789.3261,,34000.,,,,,,,,,,,,,,,,,,,,,,,,,,,,,,,,,,,,,,,,,,18.5,,150,4,,,19,5,,,,,,,,32,390,35,102,1.5,,,,,,,,,,,,,260,10.7,,,20,,1.55,,,5.4,,3.5,,3.45,,,,,,,,,,,,,,,,,,,,,,,,,,,,,,,,,,,,,,,,111127,
[4890],CONVERGENT MARGIN,NEW HEBRIDES ARC - VANUATU ARCHIPELAGO / NEW HEBRIDES BACK ARC TROUGH / CORIOLIS TROUGHS / PACIFIC OCEAN,"CORIOLIS TROUGHS, SMALL RIDGE, WITHIN THE EN ECHELON TERMINATION OF THE TROUGH",-20.515,-20.516,170.0083,170.0116,SUBAQUATIC,-2066,-2288,s ANA43110 [4890],DACITE [4890],,,,,,,,,VOLCANIC ROCK,,,FRESH,,WHOLE_ROCK [4890] ,273916.91000000003,4854.654,,73565.88900000001,,67492.1,,,35735,11638.671999999999,1626.3618,,17018.074999999997,32122.4081,1745.6840000000002,,27300.,,,,,,,,,,,,,,,,,,,,,,,,,,,,,,,,,,,,,,,,,,18,,150,3,,,18,5,,,,,,,,31,396,35,102,1.3,,,,,,,,,,,,,260,10.7,,,19,,1.45,,,5.5,,3.6,,3.38,,,,,,,,,,,,,,,,,,,,,,,,,,,,,,,,,,,,,,,,111128,
[4890],CONVERGENT MARGIN,NEW HEBRIDES ARC - VANUATU ARCHIPELAGO / NEW HEBRIDES BACK ARC TROUGH / CORIOLIS TROUGHS / PACIFIC OCEAN,"CORIOLIS TROUGHS, SMALL RIDGE, WITHIN THE EN ECHELON TERMINATION OF THE TROUGH",-20.515,-20.516,170.0083,170.0116,SUBAQUATIC,-2066,-2288,s ANA43112 [4890],DACITE [4890],,,,,,,,,VOLCANIC ROCK,,,FRESH,,WHOLE_ROCK [4890] ,275085.49750000006,4914.588,,74253.9153,,67841.79999999999,,,35592.060000000005,11759.279999999999,1626.3618,,18014.255,31677.293899999997,1745.6840000000002,,23000.,,,,,,,,,,,,,,,,,,,,,,,,,,,,,,,,,,,,,,,,,,18.5,,153,5,,,19,6,,,,,,,,45,398,37,102,1.7,,,,,,,,,,,,,264,11.25,,,20,,1.35,,,5.5,,3.5,,3.43,,,,,,,,,,,,,,,,,,,,,,,,,,,,,,,,,,,,,,,,111129,
[4890],CONVERGENT MARGIN,NEW HEBRIDES ARC - VANUATU ARCHIPELAGO / NEW HEBRIDES BACK ARC TROUGH / CORIOLIS TROUGHS / PACIFIC OCEAN,"CORIOLIS TROUGHS, EASTERN FLANK OF THE EN ECHELON TERMINATION OF THE TROUGH",-20.565,-20.566,170.0433,170.0466,SUBAQUATIC,-1923,-2054,s ANA4531 [4890],DACITE [4890],,,,,,,,,VOLCANIC ROCK,,,FRESH,,WHOLE_ROCK [4890] ,281162.1525,4554.9839999999995,,75153.64199999999,,61477.259999999995,,,33805.310000000005,11457.759999999998,1548.9160000000002,,19425.51,32344.965200000002,1789.3261,,19100.,,,,,,,,,,,,,,,,,,,,,,,,,,,,,,,,,,,,,,,,,,17,,137,9,,,18,8,,,,,,,,31,382,36,116,1.5,,,,,,,,,,,,,273,11.95,,,20,,1.45,,,5.3,,3.7,,3.45,,,,,,,,,,,,,,,,,,,,,,,,,,,,,,,,,,,,,,,,111134,
[4890],CONVERGENT MARGIN,NEW HEBRIDES ARC - VANUATU ARCHIPELAGO / NEW HEBRIDES BACK ARC TROUGH / CORIOLIS TROUGHS / PACIFIC OCEAN,"CORIOLIS TROUGHS, EASTERN FLANK OF THE EN ECHELON TERMINATION OF THE TROUGH",-20.565,-20.566,170.0433,170.0466,SUBAQUATIC,-1923,-2054,s ANA4532 [4890],DACITE [4890],,,,,,,,,VOLCANIC ROCK,,,FRESH,,WHOLE_ROCK [4890] ,281395.87000000005,4554.9839999999995,,74889.0165,,60498.100000000006,,,33805.310000000005,11276.848,1471.4702,,19259.48,33680.3078,1789.3261,,20000,,,,,,,,,,,,,,,,,,,,,,,,,,,,,,,,,,,,,,,,,,17,,136,9,,,18,8,,,,,,,,32,379,37,115,1.6,,,,,,,,,,,,,269,12.3,,,21,,1.45,,,5.6,,3.8,,3.5,,,,,,,,,,,,,,,,,,,,,,,,,,,,,,,,,,,,,,,,111135,
[4890],CONVERGENT MARGIN,NEW HEBRIDES ARC - VANUATU ARCHIPELAGO / NEW HEBRIDES BACK ARC TROUGH / CORIOLIS TROUGHS / PACIFIC OCEAN,"CORIOLIS TROUGHS, EASTERN FLANK OF THE EN ECHELON TERMINATION OF THE TROUGH",-20.565,-20.566,170.0433,170.0466,SUBAQUATIC,-1923,-2054,s ANA4533 [4890],DACITE [4890],,,,,,,,,VOLCANIC ROCK,,,FRESH,,WHOLE_ROCK [4890] ,282330.74,4554.9839999999995,,74889.0165,,60428.16,,,33162.079999999994,11337.151999999998,1471.4702,,19176.465,32938.4508,1745.6840000000002,,17500.,,,,,,,,,,,,,,,,,,,,,,,,,,,,,,,,,,,,,,,,,,17,,136,11,,,17,9,,,,,,,,31,373,37,117,1.9,,,,,,,,,,,,,274,12.45,,,21,,1.5,,,5.5,,3.9,,3.5,,,,,,,,,,,,,,,,,,,,,,,,,,,,,,,,,,,,,,,,111136,
[4890],CONVERGENT MARGIN,NEW HEBRIDES ARC - VANUATU ARCHIPELAGO / NEW HEBRIDES BACK ARC TROUGH / CORIOLIS TROUGHS / PACIFIC OCEAN,"CORIOLIS TROUGHS, EASTERN FLANK OF THE EN ECHELON TERMINATION OF THE TROUGH",-20.565,-20.566,170.0433,170.0466,SUBAQUATIC,-1923,-2054,s ANA4534 [4890],DACITE [4890],,,,,,,,,VOLCANIC ROCK,,,FRESH,,WHOLE_ROCK [4890] ,280928.43500000006,4554.9839999999995,,74359.76550000001,,61197.5,,,33376.49,11216.544,1626.3618,,19259.48,32790.079399999995,1745.6840000000002,,18900.,,,,,,,,,,,,,,,,,,,,,,,,,,,,,,,,,,,,,,,,,,16.5,,138,15,,,17,13,,,,,,,,32,375,37,115,1.25,,,,,,,,,,,,,272,12.8,,,22,,1.55,,,5.6,,3.5,,3.48,,,,,,,,,,,,,,,,,,,,,,,,,,,,,,,,,,,,,,,,111137,
[4890],CONVERGENT MARGIN,NEW HEBRIDES ARC - VANUATU ARCHIPELAGO / CENTRAL NEW HEBRIDES ARC / CORIOLIS TROUGHS / PACIFIC OCEAN,"CORIOLIS TROUGHS, VOLCANIC CONE (MT YOKOSUKA) TO THE EAST OF THE TROUGH",-20.0433,-20.0466,170.6633,170.6716,SUBAQUATIC,-1055,-1144,s ANA4641 [4890],BASALT [4890],,,,,,,,,VOLCANIC ROCK,,,FRESH,,WHOLE_ROCK [4890] ,227407.1275,4614.918,,74889.0165,,67282.28,,,89337.5,34493.888,1006.7954,,18512.345,15653.182699999998,1963.8945,,33300.,,,,,,,,,,,,,,,,,,,,,,,,,,,,,,,,,,,,,,,,,,35,,310,264,,,36,76,,,,,,,,51,665,18,73,1.05,,,,,,,,,,,,,165,10.75,,,17,,1.25,,,3.2,,1.8,,1.7,,,,,,,,,,,,,,,,,,,,,,,,,,,,,,,,,,,,,,,,111138,
[3783],CONVERGENT MARGIN,NEW HEBRIDES ARC - VANUATU ARCHIPELAGO / SOUTHERN NEW HEBRIDES ARC / FUTUNA / FUTUNA / PACIFIC OCEAN,,-19.5,-19.5,170.2,170.2,SUBAERIAL,,,s FMA1 [3783],NOT GIVEN [3783],,,,,,,,,VOLCANIC ROCK,,,,,WHOLE_ROCK [3783] ,248394.95900000003,6113.268,,94735.92899999999,,31962.58,29071.02,,64323,27076.496,1316.5786,,13780.49,20623.6246,1396.5472,,1200.,6700.,,,,,,,,,,,,,,,,,,,,,,,,,,,,,,,,,,,,,,,,,24.6,,276,27,,,25,18,,,,,,,,20.8,923,27,98,6.2,,,,,,,,,,,,,255,,,,,,,,,,,,,,,2.41,0.32,,,,,,,,,,,2.6,,,,,,,,,,,,,,,,,,,,,,,,,,111533,
[3783],CONVERGENT MARGIN,NEW HEBRIDES ARC - VANUATU ARCHIPELAGO / SOUTHERN NEW HEBRIDES ARC / FUTUNA / FUTUNA / PACIFIC OCEAN,,-19.5,-19.5,170.2,170.2,SUBAERIAL,,,s FM57 [3783],NOT GIVEN [3783],,,,,,,,,VOLCANIC ROCK,,,,,WHOLE_ROCK [3783] ,250217.9555,5993.4,,92883.55050000001,,25528.1,34589.85,,64751.82000000001,26533.760000000002,1239.1328,,11373.055,20475.2532,1265.6209,,1100.,11200.000000000002,,,,,,,,,,,,,,,,,,,,,,,,,,,,,,,,,,,,,,,,,22.5,,276,25,,,24,19,,,,,,,,19.1,796,33,88,6.2,,,,,,,,,,,,,279,,,,,,,,,,,,,,,2.33,0.3,,,,,,,,,,,2.1,,,,,,,,,,,,,,,,,,,,,,,,,,111534,
[4124],CONVERGENT MARGIN,NEW HEBRIDES ARC - VANUATU ARCHIPELAGO / CENTRAL NEW HEBRIDES ARC / NGUNA / NGUNA / OFFSHORE SUITE / PACIFIC OCEAN,,-17.46,-17.46,168.3,168.3,SUBAERIAL,,,s 1 [4124],BASALT [4124],,,,,,,,,VOLCANIC ROCK,,,,,WHOLE_ROCK [4124] ,221844.651,5813.597999999999,,93783.2772,,37417.899999999994,49047.63,,80689.62999999999,33529.024,1626.3618,,5229.945,20104.324699999997,1440.1893,,2000.,6800.000000000001,,,,,,,,,,,,,,,,,,,,,,,,,,,,,,,,,,,,,,,,,,,,,,,,,,,,,,,,,,,,,,,,,,,,,,,,,,,,,,,,,,,,,,,,,,,,,,,,,,,,,,,,,,,,,,,,,,,,,,,,,,,,,,112477,
[4124],CONVERGENT MARGIN,NEW HEBRIDES ARC - VANUATU ARCHIPELAGO / CENTRAL NEW HEBRIDES ARC / PELE / PELE / OFFSHORE SUITE / PACIFIC OCEAN,,-17.5,-17.5,168.4,168.4,SUBAERIAL,,,s 2 [4124],BASALT [4124],,,,,,,,,VOLCANIC ROCK,,,,,WHOLE_ROCK [4124] ,214739.639,4734.786,,98440.68600000002,,32032.52,43140.15,,87193.4,44685.263999999996,1316.5786,,4316.78,16469.2254,1134.6946,,2700.,9500.,,,,,,,,,,,,,,,,,,,,,,,,,,,,,,,,,,,,,,,,,,,,,,,,,,,,,,,,,,,,,,,,,,,,,,,,,,,,,,,,,,,,,,,,,,,,,,,,,,,,,,,,,,,,,,,,,,,,,,,,,,,,,,112478,
[4124],CONVERGENT MARGIN,NEW HEBRIDES ARC - VANUATU ARCHIPELAGO / CENTRAL NEW HEBRIDES ARC / EFATE / QUOIN HILL / MAINLAND SUITE / PACIFIC OCEAN,,-17.57,-17.57,168.42,168.42,SUBAERIAL,,,s 3 [4124],BASALT [4124],,,,,,,,,VOLCANIC ROCK,,,,,WHOLE_ROCK [4124] ,216515.89200000002,5573.862,,91560.42300000001,,40635.14,42362.85,,83476.95999999999,38956.384,1548.9160000000002,,5645.02,18472.2393,2051.1787,,4800.,12000.,,,,,,,,,,,,,,,,,,,,,,,,,,,,,,,,,,,,,,,,,,,,,,,,,,,,,,,,,,,,,,,,,,,,,,,,,,,,,,,,,,,,,,,,,,,,,,,,,,,,,,,,,,,,,,,,,,,,,,,,,,,,,,112479,
[4124],CONVERGENT MARGIN,NEW HEBRIDES ARC - VANUATU ARCHIPELAGO / CENTRAL NEW HEBRIDES ARC / EMAU (MAO) / EMAU (MAO) / OFFSHORE SUITE / PACIFIC OCEAN,,-17.5,-17.5,168.48,168.48,SUBAERIAL,,,s 4 [4124],BASALT [4124],,,,,,,,,VOLCANIC ROCK,,,,,WHOLE_ROCK [4124] ,218806.32350000003,5214.258,,94577.15370000001,,36858.38,47259.840000000004,,86335.76,36423.615999999995,1548.9160000000002,,5645.02,17952.9394,1265.6209,,1400.0000000000002,5900.,,,,,,,,,,,,,,,,,,,,,,,,,,,,,,,,,,,,,,,,,,,,,,,,,,,,,,,,,,,,,,,,,,,,,,,,,,,,,,,,,,,,,,,,,,,,,,,,,,,,,,,,,,,,,,,,,,,,,,,,,,,,,,112480,
[4124],CONVERGENT MARGIN,NEW HEBRIDES ARC - VANUATU ARCHIPELAGO / CENTRAL NEW HEBRIDES ARC / EFATE / MOUNT FATMALAPA / MAINLAND SUITE / PACIFIC OCEAN,,-17.58,-17.58,168.37,168.37,SUBAERIAL,,,s 54 [4124],BASALT [4124],,,,,,,,,VOLCANIC ROCK,,,,,WHOLE_ROCK [4124] ,216048.45700000002,5573.862,,96323.682,,40285.439999999995,42129.659999999996,,83619.9,36483.92,1548.9160000000002,,5146.93,15578.997,1614.7576999999999,,6600.,21500.,,,,,,,,,,,,,,,,,,,,,,,,,,,,,,,,,,,,,,,,,,,,,,,,,,,,,,,,,,,,,,,,,,,,,,,,,,,,,,,,,,,,,,,,,,,,,,,,,,,,,,,,,,,,,,,,,,,,,,,,,,,,,,112481,
[4124],CONVERGENT MARGIN,NEW HEBRIDES ARC - VANUATU ARCHIPELAGO / CENTRAL NEW HEBRIDES ARC / EMAU (MAO) / EMAU (MAO) / OFFSHORE SUITE / PACIFIC OCEAN,,-17.5,-17.5,168.48,168.48,SUBAERIAL,,,s 55 [4124],BASALT [4124],,,,,,,,,VOLCANIC ROCK,,,,,WHOLE_ROCK [4124] ,218292.14500000002,4974.521999999999,,87961.51620000001,,38746.76,48814.44,,86621.64,44685.263999999996,1548.9160000000002,,5645.02,16469.2254,1003.7683000000001,,1500.,6100.,,,,,,,,,,,,,,,,,,,,,,,,,,,,,,,,,,,,,,,,,,,,,,,,,,,,,,,,,,,,,,,,,,,,,,,,,,,,,,,,,,,,,,,,,,,,,,,,,,,,,,,,,,,,,,,,,,,,,,,,,,,,,,112482,
[4124],CONVERGENT MARGIN,NEW HEBRIDES ARC - VANUATU ARCHIPELAGO / CENTRAL NEW HEBRIDES ARC / NGUNA / NGUNA / OFFSHORE SUITE / PACIFIC OCEAN,,-17.46,-17.46,168.3,168.3,SUBAERIAL,,,s 14 [4124],BASALT [4124],,,,,,,,,VOLCANIC ROCK,,,,,WHOLE_ROCK [4124] ,230912.89,5693.73,,92777.70030000001,,26297.44,56820.63,,72684.99,29548.96,1703.8076,,4316.78,23071.752699999997,1702.0419000000002,,1900.,6000.,,,,,,,,,,,,,,,,,,,,,,,,,,,,,,,,,,,,,,,,,,,,,,,,,,,,,,,,,,,,,,,,,,,,,,,,,,,,,,,,,,,,,,,,,,,,,,,,,,,,,,,,,,,,,,,,,,,,,,,,,,,,,,112483,
[3787],CONVERGENT MARGIN,NEW HEBRIDES ARC - VANUATU ARCHIPELAGO / SOUTHERN NEW HEBRIDES ARC / ERROMANGO (=EROMANGA) / MOUNT RANTOP / PACIFIC OCEAN,,-18.666,-18.833,169.333,169.333,SUBAERIAL,,,s E15 [3787],BASALT [3787],,,,PLIOCENE [3787],,,,,VOLCANIC ROCK,,,,,WHOLE_ROCK [3787] ,224509.03050000002,3835.776,,82880.7066,,39446.159999999996,39098.19,,91838.95,44624.96,1858.6992,,6890.245,13353.426,741.9157,,8400.,12100.,,,,,,,,,,,,,,,,,,,,,,,,,,,,,,,,,,,,,,,,,,,338,225,,,48,55,141,72,,,,,,10,399,16.1,34,,,,,,,,,,,,,,,,,,,,,,,,,,,,,0.91,,,,,,,,,,,,0.3,,,,,,,,,,,,,,,,,,,,,,,,,,112665,
[3787],CONVERGENT MARGIN,NEW HEBRIDES ARC - VANUATU ARCHIPELAGO / SOUTHERN NEW HEBRIDES ARC / ERROMANGO (=EROMANGA) / MOUNT RANTOP / PACIFIC OCEAN,,-18.666,-18.833,169.333,169.333,SUBAERIAL,,,s E11 [3787],BASALT [3787],,,,PLIOCENE [3787],,,,,VOLCANIC ROCK,,,,,WHOLE_ROCK [3787] ,219554.2195,4375.182,,90872.39670000001,,23359.96,62339.46,,80332.28,41247.935999999994,1703.8076,,3403.615,13724.3545,654.6315,,4200.,13700.000000000002,,,,,,,,,,,,,,,,,,,,,,,,,,,,,,,,,,,,,,,,,39.8,,379,67,,,42,34,123,86,,,,,,7,441,15.3,27,1.2,,,,,,,,,,,,,133,3,8,,,1.9,0.64,,0.36,,,,,1.4,0.28,,,,,,,,,,,,,0.24,,,,,,,,,,,,,,,,,,,,,,,,,,112666,
[3787],CONVERGENT MARGIN,NEW HEBRIDES ARC - VANUATU ARCHIPELAGO / SOUTHERN NEW HEBRIDES ARC / ERROMANGO (=EROMANGA) / MOUNT RANTOP / PACIFIC OCEAN,,-18.666,-18.833,169.333,169.333,SUBAERIAL,,,s E16 [3787],BASALT [3787],,,,PLIOCENE [3787],,,,,VOLCANIC ROCK,,,,,WHOLE_ROCK [3787] ,227734.33200000002,3835.776,,98969.937,,41614.3,36377.64,,78259.65,29850.48,1471.4702,,7056.275,16617.5968,741.9157,,3700.,10100.,,,,,,,,,,,,,,,,,,,,,,,,,,,,,,,,,,,,,,,,,32.2,,331,56,,,37,28,50,78,,,,,,9.6,500,17.1,32,1.6,,,,,,,,,,,,,153,3.8,8.8,,,2,0.69,,0.38,,,,,1.55,0.28,0.98,,,,,,,,,,,,0.29,,,,,,,,,,,,,,,,,,,,,,,,,,112667,
[3787],CONVERGENT MARGIN,NEW HEBRIDES ARC - VANUATU ARCHIPELAGO / SOUTHERN NEW HEBRIDES ARC / ERROMANGO (=EROMANGA) / MOUNT RANTOP / PACIFIC OCEAN,,-18.666,-18.833,169.333,169.333,SUBAERIAL,,,s E40 [3787],BASALT [3787],,,,PLIOCENE [3787],,,,,VOLCANIC ROCK,,,,,WHOLE_ROCK [3787] ,252227.92600000004,3356.304,,103733.19600000001,,24618.88,34356.659999999996,,59105.689999999995,17307.248,1316.5786,,10708.935,22404.0814,1047.4104,,5000.,13300.,,,,,,,,,,,,,,,,,,,,,,,,,,,,,,,,,,,,,,,,,17.4,,155,10,,,19,8,70,80,,,,,,19.8,445,21.1,52,1.1,,,,,,,,,,,,,213,5,12.3,,,2.55,0.85,,0.45,,,,,1.9,0.38,1.48,,,,,,,,,,,,0.5,,,,,,,,,,,,,,,,,,,,,,,,,,112669,
[3787],CONVERGENT MARGIN,NEW HEBRIDES ARC - VANUATU ARCHIPELAGO / SOUTHERN NEW HEBRIDES ARC / ERROMANGO (=EROMANGA) / MOUNT RANTOP / PACIFIC OCEAN,MONT RANTOP,-18.666,-18.833,169.166,169.333,SUBAERIAL,,,s E57 [3787],BASALT [3787],,,,,,,,,VOLCANIC ROCK,,,,,WHOLE_ROCK [3787] ,231099.864,4614.918,,100663.5402,,35669.399999999994,41974.200000000004,,79331.7,26774.976000000002,1548.9160000000002,,4316.78,15430.6256,523.7052,,2900.,7200.,,,,,,,,,,,,,,,,,,,,,,,,,,,,,,,,,,,,,,,,,34.3,,319,19,,,30,14,98,70,,,,,,6,485,15.3,25,2.2,,,,,,,,,,,,,,2.7,6.4,,,1.8,0.63,,0.34,,,,,1.41,0.25,0.76,,,,,,,,,,,,,,,,,,,,,,,,,,,,,,,,,,,,,,112674,
