Citations,Tectonic Setting,Location,Location Comment,Latitude (Min),Latitude (Max),Longitude (Min),Longitude (Max),Land or Sea,Elevation (Min),Elevation (Max),Sample Name,Rock Name,"Age (a, Min)","Age (a, Max)",Geol,Age,Eruption Day,Eruption Month,Eruption Year,Rock Texture,Rock Type,Drill Depth (Min),Drill Depth (Max),Alteration,Mineral,Material,Si,Ti,B,Al,Cr,Fe3+,Fe2+,Fetot(2+),Ca,Mg,Mn,Ni,K,Na,P,H2O,H2OP,H2OM,H2Otot,CO2,CO,F,Cl,Cl2,OH,CH4,SO2,SO3,SO4,S,LOI,Volatiles,O,Others,HE(CCM/G),HE(CCMSTP/G),HE3(CCMSTP/G),HE3(AT/G),HE4(CCM/G),HE4(CCMSTP/G),HE4(AT/G),HE4(MOLE/G),HE4(NCC/G),HE(NCC/G),Li,Be,B,C,CO2,F,Na,Mg,Al,P,S,Cl,K,Ca,Sc,Ti,V,Cr,Mn,Fe,Co,Ni,Cu,Zn,Ga,Ge,As,Se,Br,Rb,Sr,Y,Zr,Nb,Mo,Ru,Rh,Pd,Ag,Cd,In,Sn,Sb,Te,I,Cs,Ba,La,Ce,Pr,Nd,Sm,Eu,Gd,Tb,Dy,Ho,Er,Tm,Yb,Lu,Hf,Ta,W,Re,Os,Ir,Pt,Au,Hg,Tl,Pb,Bi,Th,U,Nd143/Nd144,Nd143/Nd144 initial,e Nd,Sr87/Sr86,SR87_SR86_INI,PB206_PB204,PB206_PB204_INI,PB207_PB204,PB207_PB204_INI,PB208_PB204,PB208_PB204_INI,OS184_OS188,OS186_OS188,OS187_OS186,OS187_OS188,RE187_OS186,RE187_OS188,HF176_HF177,HE3_HE4,HE3_HE4(R/R(A)),HE4_HE3,HE4_HE3(R/R(A)),K40_AR40,AR40_K40,Unique Id,
[7753],CONVERGENT MARGIN,SIKHOTE-ALIN-SAKHALIN ARC / SIKHOTE ALIN ARC / SIKHOTE-ALIN BELT - CENOZOIC / PACIFIC OCEAN,SOVGAVAN PLATEAU,49,49,140.2,140.2,SUBAERIAL,,,s YU84 [7753],"THOLEIITE, OLIVINE [7753]",,,,MIOCENE [7753],,,,,VOLCANIC ROCK,,,,,WHOLE_ROCK [7753] ,238158.13250000004,13125.545999999998,,93359.87640000001,,,,86591.22,37021.46,23699.471999999998,697.0122,,26647.815,29229.1658,3927.789,,,,,,,,,,,,,,,,,,,,,,,,,,,,,,,,,,,,,,,,,,,,13.1,,139,49,,,37,60,30,109,,,,,,73.1,876,25.26,232,57.26,,,,,,,,,,,,0.44,1274,45.14,74.51,8.88,36.86,8.01,2.73,6.82,1.01,5.33,0.96,2.22,0.31,1.82,0.27,4.9,3.38,,,,,,,,,4.49,,5.6,1.14,0.512714,,,0.70384,,,,,,,,,,,,,,,,,,,,,511722,
[7753],CONVERGENT MARGIN,SIKHOTE-ALIN-SAKHALIN ARC / SIKHOTE ALIN ARC / SIKHOTE-ALIN BELT - CENOZOIC / PACIFIC OCEAN,SOVGAVAN PLATEAU,49,49,140.2,140.2,SUBAERIAL,,,s YUS108/10 [7753],"THOLEIITE, OLIVINE [7753]",,,,MIOCENE [7753],,,,,VOLCANIC ROCK,,,,,WHOLE_ROCK [7753] ,242738.99550000002,8450.694,,84256.7592,,,,88845.39,57176,41187.632,1006.7954,,1411.255,25519.8808,741.9157,,,,,,,,,,,,,,,,,,,,,,,,,,,,,,8.6,,,,,,,,,,,,,,17.8,,191,220,,,54,183,65,116,22.1,,,,,1.2,474,19.11,71,4.59,0.4,,,,,,,,,,,0.07,100,4.92,12.29,1.96,10.22,3.28,1.21,3.58,0.54,3.08,0.6,1.59,,1.29,0.19,1.74,0.31,,,,,,,,,1.84,,0.68,0.12,0.512574,,,0.703926,,,,,,,,,,,,,,,,,,,,,511723,
[7753],CONVERGENT MARGIN,SIKHOTE-ALIN-SAKHALIN ARC / SIKHOTE ALIN ARC / SIKHOTE-ALIN BELT - CENOZOIC / PACIFIC OCEAN,SOVGAVAN PLATEAU,49,49,140.2,140.2,SUBAERIAL,,,s YUS120/9 [7753],"THOLEIITE, QUARTZ [7753]",,,,MIOCENE [7753],,,,,VOLCANIC ROCK,,,,,WHOLE_ROCK [7753] ,252274.66950000002,9050.034,,83568.7329,,,,69490.62,60749.5,33408.416,1084.2412000000002,,1328.24,28635.6802,872.8420000000001,,,,,,,,,,,,,,,,,,,,,,,,,,,,,,6,,,,,,,,,,,,,,17.2,,160,282,,,47,151,48,112,22.7,,,,,4.9,409,21.47,78,4.37,0.5,,,,,,,,,,,0.19,103,6.15,14.83,2.45,13.25,4.28,1.56,4.65,0.68,3.73,0.71,1.8,,1.36,0.19,1.9,0.3,,,,,,,,,1.28,,0.44,0.1,0.512496,,,0.704325,,17.299,,15.49,,37.288,,,,,,,,,,,,,,,511732,
[7753],CONVERGENT MARGIN,SIKHOTE-ALIN-SAKHALIN ARC / SIKHOTE ALIN ARC / SIKHOTE-ALIN BELT - CENOZOIC / PACIFIC OCEAN,SHUFAN PLATEAU,43.77,43.77,131.87,131.87,SUBAERIAL,,,s VS-1 [7753],"THOLEIITE, QUARTZ [7753]",,,,MIOCENE [7753],,,,,VOLCANIC ROCK,,,,,WHOLE_ROCK [7753] ,259706.88600000003,10788.119999999999,,79281.79980000001,,,,69801.54000000001,54746.020000000004,39559.42399999999,929.3496,,7471.35,22923.381299999997,1178.3367,,,,,,,,,,,,,,,,,,,,,,,,,,,,,,8.4,,,,,,,,,,,,,,15.6,,161,234,,,47,183,64,107,20.5,,,,,13.9,553,18.91,105,5.08,0.6,,,,,,,,,,,0.2,200,8.4,18.72,2.99,14.69,4.24,1.55,4.27,0.61,3.24,0.6,1.52,,1.19,0.17,2.5,0.4,,,,,,,,,2.44,,0.81,0.21,0.512716,,,0.704152,,17.266,,15.481,,37.109,,,,,,,,,,,,,,,511734,
[7753],CONVERGENT MARGIN,SIKHOTE-ALIN-SAKHALIN ARC / SIKHOTE ALIN ARC / SIKHOTE-ALIN BELT - CENOZOIC / PACIFIC OCEAN,SHUFAN PLATEAU,43.77,43.77,131.87,131.87,SUBAERIAL,,,s VS-3 [7753],"THOLEIITE, QUARTZ [7753]",,,,MIOCENE [7753],,,,,VOLCANIC ROCK,,,,,WHOLE_ROCK [7753] ,248909.1375,17320.926,,74571.4659,,,,95996.55,49099.89,27679.535999999996,1161.687,,14444.61,22552.4528,2924.0207,,,,,,,,,,,,,,,,,,,,,,,,,,,,,,,,,,,,,,,,,,,,20.2,,201,129,,,49,107,39,115,,,,,,29.5,676,26.31,189,12.03,,,,,,,,,,,,0.35,527,21.13,45.85,6.17,30.46,8.47,2.81,7.14,1.05,5.56,0.99,2.24,0.29,1.68,0.24,5.06,0.74,,,,,,,,,3.74,,1.69,0.36,0.512623,,,0.704757,,17.308,,15.514,,37.353,,,,,,,,,,,,,,,511735,
[7753],CONVERGENT MARGIN,SIKHOTE-ALIN-SAKHALIN ARC / SIKHOTE ALIN ARC / SIKHOTE-ALIN BELT - CENOZOIC / PACIFIC OCEAN,SOVGAVAN PLATEAU,49,49,140.2,140.2,SUBAERIAL,,,s YU17 [7753],"THOLEIITE, OLIVINE [7753]",,,,MIOCENE [7753],,,,,VOLCANIC ROCK,,,,,WHOLE_ROCK [7753] ,232081.4775,5154.324,,98493.6111,,,,72988.47,80689.62999999999,35579.36,1471.4702,,6807.23,18694.7964,741.9157,,,,,,,,,,,,,,,,,,,,,,,,,,,,,,,,,,,,,,,,,,,,,,279,59,,,33,26,54,75,,,,,,16,594,,54,,,,,,,,,,,,,,,,,,11.36,3,,,,,,,,,,,,,,,,,,,,,,,,0.512918,,,0.703434,,,,,,,,,,,,,,,,,,,,,511736,
[7753],CONVERGENT MARGIN,SIKHOTE-ALIN-SAKHALIN ARC / SAKHALIN / SAKHALIN - CENOZOIC / PACIFIC OCEAN,,47,49,141.5,142.5,SUBAERIAL,,,s SA-02 [7753],"THOLEIITE, OLIVINE [7753]",,,,MIOCENE [7753],,,,,VOLCANIC ROCK,,,,,WHOLE_ROCK [7753] ,219273.7585,6293.07,,105585.5745,,,,81927.42,92339.24,26051.328,1471.4702,,2739.4950000000003,16691.7825,610.9894,,,,,,,,,,,,,,,,,,,,,,,,,,,,,,,,,,,,,,,,,,,,460,,,,,,,,,,,,,,,1.8,381,23.09,,1.91,,,,,,,,,,,,0.07,151,5.12,12.45,1.77,9.14,2.98,1.14,3.63,0.65,4.26,0.87,2.54,0.37,2.28,0.35,1.37,0.11,,,,,,,,,3.98,,1.09,0.32,,,,,,,,,,,,,,,,,,,,,,,,,511739,
[7753],CONVERGENT MARGIN,SIKHOTE-ALIN-SAKHALIN ARC / SAKHALIN / SAKHALIN - CENOZOIC / PACIFIC OCEAN,,47,49,141.5,142.5,SUBAERIAL,,,s SA-04 [7753],"THOLEIITE, QUARTZ [7753]",,,,MIOCENE [7753],,,,,VOLCANIC ROCK,,,,,WHOLE_ROCK [7753] ,236007.93150000004,4255.313999999999,,101669.1171,,,,71744.79000000001,77259.07,26654.368,1626.3618,,2573.465,18768.982099999997,610.9894,,,,,,,,,,,,,,,,,,,,,,,,,,,,,,,,,,,,,,,,,,,,30.4,,252,23,,,33,14,41,81,,,,,,9,383,17.19,39,1.58,,,,,,,,,,,,0.99,159,6.07,13.12,1.76,8.5,2.5,0.92,2.73,0.49,3.14,0.66,1.77,0.26,1.74,0.27,1.21,0.09,,,,,,,,,5.53,,1.05,0.36,0.512922,,,0.70365,,,,,,,,,,,,,,,,,,,,,511740,
[7753],CONVERGENT MARGIN,SIKHOTE-ALIN-SAKHALIN ARC / SAKHALIN / SAKHALIN - CENOZOIC / PACIFIC OCEAN,,47,49,141.5,142.5,SUBAERIAL,,,s S-3 [7753],"THOLEIITE, QUARTZ [7753]",,,,MIOCENE [7753],,,,,VOLCANIC ROCK,,,,,WHOLE_ROCK [7753] ,242598.765,5513.928,,92195.52420000001,,,,64127.25,81618.74,27619.232,1316.5786,,2988.54,21068.7388,785.5577999999999,,,,,,,,,,,,,,,,,,,,,,,,,,,,,,,,,,,,,,,,,,,,32.7,,,,,,,,,,,,,,,3.5,342,25,,2.03,,,,,,,,,,,,0.23,143,5.64,13.35,1.91,9.5,3.19,1.05,3.78,0.68,4.44,0.94,2.61,0.38,2.35,0.38,2.02,0.14,,,,,,,,,5.32,,0.6,0.21,,,,,,,,,,,,,,,,,,,,,,,,,511741,
[7753],CONVERGENT MARGIN,SIKHOTE-ALIN-SAKHALIN ARC / SIKHOTE ALIN ARC / SIKHOTE-ALIN BELT - CENOZOIC / PACIFIC OCEAN,SOVGAVAN PLATEAU,49,49,140.2,140.2,SUBAERIAL,,,s YUS122/8 [7753],"THOLEIITE, QUARTZ [7753]",,,,PALEOGENE [7753],,,,,VOLCANIC ROCK,,,,,WHOLE_ROCK [7753] ,244421.76150000002,6233.1359999999995,,113365.56420000001,,,,68091.48,51887.22,28282.576,1316.5786,,6392.155,25371.5094,1963.8945,,,,,,,,,,,,,,,,,,,,,,,,,,,,,,,,,,,,,,,,,,,,29.2,,,,,,,,,,,,,,,7.7,485,33.86,,20.29,,,,,,,,,,,,0.21,462,27.5,56.51,6.9,29.1,7.12,2.35,6.7,1.09,6.66,1.28,3.5,0.49,3.12,0.49,4.84,1.29,,,,,,,,,9.15,,2.42,0.8,0.512902,,,0.703733,,,,,,,,,,,,,,,,,,,,,511747,
[7753],CONVERGENT MARGIN,SIKHOTE-ALIN-SAKHALIN ARC / SIKHOTE ALIN ARC / SIKHOTE-ALIN BELT - CENOZOIC / PACIFIC OCEAN,SOVGAVAN PLATEAU,49,49,140.2,140.2,SUBAERIAL,,,s YUS122/13 [7753],"THOLEIITE, OLIVINE [7753]",,,,PALEOGENE [7753],,,,,VOLCANIC ROCK,,,,,WHOLE_ROCK [7753] ,245964.29700000002,7192.079999999999,,103627.3458,,,,60318.479999999996,49457.24,27257.407999999996,1084.2412000000002,,11622.099999999999,31380.5511,1527.4734999999998,,,,,,,,,,,,,,,,,,,,,,,,,,,,,,12.5,,,,,,,,,,,,,,18.3,,216,67,,,38,57,118,83,20.3,,,,,14.7,825,16.97,110,9.7,1,,,,,,,,,,,0.3,351,15.63,34.45,4.35,18.16,4.02,1.32,4,0.6,3.35,0.69,1.93,,1.77,0.27,2.91,0.73,,,,,,,,,8.1,,1.57,0.47,0.512846,,,0.703874,,18.293,,15.533,,38.262,,,,,,,,,,,,,,,511748,
[7753],CONVERGENT MARGIN,SIKHOTE-ALIN-SAKHALIN ARC / SIKHOTE ALIN ARC / SIKHOTE-ALIN BELT - CENOZOIC / PACIFIC OCEAN,SOVGAVAN PLATEAU,49,49,140.2,140.2,SUBAERIAL,,,s YU7 [7753],"THOLEIITE, OLIVINE [7753]",,,,PALEOGENE [7753],,,,,VOLCANIC ROCK,,,,,WHOLE_ROCK [7753] ,244234.7875,11327.525999999998,,95053.4796,,,,72366.63,49028.420000000006,27860.448,1006.7954,,15606.82,31380.5511,2443.9576,,,,,,,,,,,,,,,,,,,,,,,,,,,,,,,,,,,,,,,,,,,,21.6,,181,70,,,38,52,38,72,,,,,,18.8,711,26.36,210,19.52,,,,,,,,,,,,0.17,375,24.97,46.98,5.8,24.99,5.79,1.96,5.42,0.85,4.83,0.95,2.49,,2.1,0.33,4.48,1.3,,,,,,,,,6.11,,1.87,0.6,0.5129,,,0.703699,,,,,,,,,,,,,,,,,,,,,511750,
[7627],CONVERGENT MARGIN,SIKHOTE-ALIN-SAKHALIN ARC / SIKHOTE ALIN ARC / SIKHOTE-ALIN BELT - CENOZOIC / PACIFIC OCEAN,KOPPI RIVER,48.55,48.55,140.16,140.16,SUBAERIAL,,,s 8802-3 [7627],BASALT [7627],,,UPPER [7627],CENOZOIC [7627],,,,,VOLCANIC ROCK,,,,,WHOLE_ROCK [7627] ,219273.7585,12885.81,,86797.16399999999,,,,85969.38,50743.7,55238.464,1316.5786,,11124.01,19955.953299999997,2924.0207,,,,,,,,,,,,,,,,,,,,,,,,,,,,,,,,,,,,,,,,,,,,16.4,,,,,,,,,,,,,,,17.2,1.058,,220,58.3,,,,,,,,,,,,,1.285,44.8,84.9,10.4,40.4,7.33,2.37,7.09,0.86,4.82,0.9,2.3,0.31,1.97,0.302,4.66,3.13,,,,,,,,,5.68,,5.15,0.56,,,,,,,,,,,,,,,,,,,,,,,,,511761,
[7627],CONVERGENT MARGIN,SIKHOTE-ALIN-SAKHALIN ARC / SIKHOTE ALIN ARC / KHANKA MASSIF / PACIFIC OCEAN,SVEYAGA (SVEYAGIN),43,43,133,133,SUBAERIAL,,,s 8701-4 [7627],"PERIDOTITE, SPINEL, XENOLITH [7627]",,,,,,,,,MANTLE XENOLITH,,,,,WHOLE_ROCK [7627] ,214412.4345,599.34,,18735.4854,2736.8,,,64438.16999999999,25157.44,232954.352,1006.7954,1964.5,0.,,,,,,,,,,,,,,,,,,,,,,,,,,,,,,,,,,,,,,,,,,,,,,15.7,,,,,,,,,,,,,,,0.42,14.8,,1.6,0.28,,,,,,,,,,,,,7.27,0.16,0.086,0.049,0.326,0.208,0.094,0.386,0.075,0.559,0.128,0.401,0.061,0.396,0.068,0.117,0.0019,,,,,,,,,0.474,,0.003,0.092,,,,,,,,,,,,,,,,,,,,,,,,,511762,
[7627],CONVERGENT MARGIN,SIKHOTE-ALIN-SAKHALIN ARC / SIKHOTE ALIN ARC / SIKHOTE-ALIN BELT - CENOZOIC / PACIFIC OCEAN,KOPPI RIVER,48.55,48.55,140.16,140.16,SUBAERIAL,,,s 8802-1 [7627],"PERIDOTITE, SPINEL, XENOLITH [7627]",,,,,,,,,MANTLE XENOLITH,,,,,WHOLE_ROCK [7627] ,206466.0395,599.34,,15877.53,2873.64,,,66148.23,16581.039999999997,252010.41599999997,1006.7954,2121.6600000000003,14.9427,1409.5283,0.,,,,,,,,,,,,,,,,,,,,,,,,,,,,,,,,,,,,,,,,,,,,16.4,,,,,,,,,,,,,,,0.18,11.3,,3.99,0.104,,,,,,,,,,,,,3.86,0.66,0.92,0.175,0.817,0.24,0.098,0.347,0.061,0.417,0.093,0.271,0.042,0.271,0.046,0.125,0.0034,,,,,,,,,0.06,,0.004,0.004,,,,,,,,,,,,,,,,,,,,,,,,,511763,
[7627],CONVERGENT MARGIN,SIKHOTE-ALIN-SAKHALIN ARC / SIKHOTE ALIN ARC / SIKHOTE-ALIN BELT - CENOZOIC / PACIFIC OCEAN,KOPPI RIVER,48.55,48.55,140.16,140.16,SUBAERIAL,,,s 8802-2 [7627],"PERIDOTITE, SPINEL, XENOLITH [7627]",,,,,,,,,MANTLE XENOLITH,,,,,WHOLE_ROCK [7627] ,209083.6755,839.076,,19952.7627,,,,65370.93,21512.469999999998,240733.568,1084.2412000000002,,14.9427,1854.6425,0.,,,,,,,,,,,,,,,,,,,,,,,,,,,,,,,,,,,,,,,,,,,,19.4,,,,,,,,,,,,,,,0.11,13.7,,5.82,0.085,,,,,,,,,,,,,7.3,0.882,1.02,0.246,1.14,0.341,0.135,0.501,0.09,0.616,0.137,0.394,0.059,0.378,0.066,0.193,0.0046,,,,,,,,,0.1,,0.012,0.005,,,,,,,,,,,,,,,,,,,,,,,,,511764,
[7627],CONVERGENT MARGIN,SIKHOTE-ALIN-SAKHALIN ARC / SIKHOTE ALIN ARC / EASTERN SIKHOTE-ALIN BELT - CRETACEOUS-PALEOGENE / PODGELBAN / PACIFIC OCEAN,,42,42,133,133,SUBAERIAL,,,s 8803-3 [7627],"PERIDOTITE, SPINEL, XENOLITH [7627]",,,,,,,,,MANTLE XENOLITH,,,,,WHOLE_ROCK [7627] ,204876.7605,71.9208,,3281.3562,3352.58,,,63894.060000000005,5074.37,283730.31999999995,929.3496,2435.98,107.9195,816.0427,87.2842,,,,,,,,,,,,,,,,,,,,,,,,,,,,,,,,,,,,,,,,,,,,9.4,,,,,,,,,,,,,,,0.097,29.6,,6.44,1.39,,,,,,,,,,,,,7.08,1.07,2.16,0.355,1.59,0.346,0.116,0.311,0.041,0.221,0.038,0.095,0.013,0.082,0.013,0.099,0.051,,,,,,,,,0.144,,0.057,0.02,,,,,,,,,,,,,,,,,,,,,,,,,511766,
[7627],CONVERGENT MARGIN,SIKHOTE-ALIN-SAKHALIN ARC / SIKHOTE ALIN ARC / AMUR SUTURE BELT / PACIFIC OCEAN,KOMSOMOL,51,52,139,141,SUBAERIAL,,,s 8805-1 [7627],"PERIDOTITE, SPINEL, XENOLITH [7627]",,,,,,,,,MANTLE XENOLITH,,,,,WHOLE_ROCK [7627] ,211841.54200000002,779.1419999999999,,19317.661500000002,3147.32,,,63349.950000000004,21583.94,237175.63199999998,1006.7954,2043.0800000000002,0.,1186.9712,43.6421,,,,,,,,,,,,,,,,,,,,,,,,,,,,,,,,,,,,,,,,,,,,15,,,,,,,,,,,,,,,0.74,16.3,,6.97,0.21,,,,,,,,,,,,,1.62,0.465,1.01,0.179,0.923,0.302,0.129,0.433,0.08,0.54,0.118,0.372,0.056,0.359,0.063,0.21,0.008,,,,,,,,,0.364,,0.079,0.07,,,,,,,,,,,,,,,,,,,,,,,,,511767,
[9816],CONVERGENT MARGIN,SIKHOTE-ALIN-SAKHALIN ARC / SIKHOTE ALIN ARC / KHANKA MASSIF / ASSIKAEV FORMATION / PACIFIC OCEAN,"RIGHT BANK OF BIKIN RIVER, EAST OF SETTLEMENT OF VERKHNII PEREVAL, ALCHAN BASIN, NE KHANKA MASSIF",46.3,47,134,135,SUBAERIAL,,,s A-406 [9816],BASALT [9816],,,LOWER [9816],CRETACEOUS [9816],,,,CLINOPYROXENE-PLAGIOPHYRIC [9816] ,VOLCANIC ROCK,,,,,WHOLE_ROCK [9816] ,243720.60900000003,5094.389999999999,,87749.8158,,20072.780000000002,37776.780000000006,,43954.05,23940.688,929.3496,,18429.33,22255.71,1047.4104,,,2900.,,,,,,,,,,,,,66200.,,,,,,,,,,,,,,,,,,,,,,,,,,,,,,,,,,,,,,,,,,,,,,,,,,,,,,,,,,,,,,,,,,,,,,,,,,,,,,,,,,,,,,,,,,,,,,,,,,,,,,,,,,,,,,,,,511813,
[9816],CONVERGENT MARGIN,SIKHOTE-ALIN-SAKHALIN ARC / SIKHOTE ALIN ARC / KHANKA MASSIF / ASSIKAEV FORMATION / PACIFIC OCEAN,"RIGHT BANK OF BIKIN RIVER, EAST OF SETTLEMENT OF VERKHNII PEREVAL, ALCHAN BASIN, NE KHANKA MASSIF",46.3,47,134,135,SUBAERIAL,,,s A-407 [9816],BASALT [9816],,,LOWER [9816],CRETACEOUS [9816],,,,CLINOPYROXENE-PLAGIOPHYRIC [9816] ,VOLCANIC ROCK,,,,,WHOLE_ROCK [9816] ,245730.57950000002,4435.116,,76741.395,,0,29071.02,,56604.24,22734.608,929.3496,,18346.315,21217.1102,2291.21025,,,2800.0000000000005,,,,,,,,,,,,,105800.,,,,,,,,,,,,,,,,,,,,,,,,,,,,,,154,15,,,25,43,,,,,,,,5,,,,,,,,,,,,,,,,,,,,,,,,,,,,,,,,,,,,,,,,,,,,,,,,,,,,,,,,,,,,,,,,,,,,,,511814,
[9816],CONVERGENT MARGIN,SIKHOTE-ALIN-SAKHALIN ARC / SIKHOTE ALIN ARC / KHANKA MASSIF / ALCHAN SUBFORMATION / PACIFIC OCEAN,"WEST OF VERKHNII PEREVAL, ALCHAN BASIN, NE KHANKA MASSIF",46.3,47,134,135,SUBAERIAL,,,s O-1980A [9816],RHYOLITE [9816],,,LOWER [9816],CRETACEOUS [9816],,,,,VOLCANIC ROCK,,,,,WHOLE_ROCK [9816] ,334169.2815,1378.482,,76423.8444,,30773.600000000002,3109.2000000000003,,4359.67,723.6479999999999,154.8916,,32624.895,21662.2244,436.42100000000005,,,1300.,,,,,,,,,,,,,16600.,,,,,,,,,,,,,,,,,,,,,,,,,,,,,,,25.1,,,7.9,10.5,,,,,,,,70.5,291,25.3,140,12.4,,,,,,,,,,,,,607,27.7,55.3,4.9,23.4,4.01,1.2,4.9,0.8,4.83,0.71,2.81,0.47,2.7,0.37,5.17,0.93,,,,,,,,,19.3,,5.81,2.3,,,,,,,,,,,,,,,,,,,,,,,,,511815,
[9816],CONVERGENT MARGIN,SIKHOTE-ALIN-SAKHALIN ARC / SIKHOTE ALIN ARC / KHANKA MASSIF / ALCHAN SUBFORMATION / PACIFIC OCEAN,"WEST OF VERKHNII PEREVAL, ALCHAN BASIN, NE KHANKA MASSIF",46.3,47,134,135,SUBAERIAL,,,s O-1980/1 [9816],RHYOLITE [9816],,,LOWER [9816],CRETACEOUS [9816],,,,,VOLCANIC ROCK,,,,,WHOLE_ROCK [9816] ,319865.77050000004,1917.888,,79175.9496,,17345.12,10649.01,,5860.54,3075.504,619.5664,,40262.274999999994,24481.281,960.1262,,,800.,,,,,,,,,,,,,22599.999999999996,,,,,,,,,,,,,,,,,,,,,,,,,,,,,,,,,,,,,,,,,,,,,,,,,,,,,,,,,,,,,,,,,,,,,,,,,,,,,,,,,,,,,,,,,,,,,,,,,,,,,,,,,,,,,,,,,511816,
[9816],CONVERGENT MARGIN,SIKHOTE-ALIN-SAKHALIN ARC / SIKHOTE ALIN ARC / KHANKA MASSIF / ALCHAN SUBFORMATION / PACIFIC OCEAN,"WEST OF VERKHNII PEREVAL, ALCHAN BASIN, NE KHANKA MASSIF",46.3,47,134,135,SUBAERIAL,,,s O-1980/1A [9816],RHYOLITE [9816],,,LOWER [9816],CRETACEOUS [9816],,,,,VOLCANIC ROCK,,,,,WHOLE_ROCK [9816] ,324773.83800000005,2337.426,,76529.6946,,18743.920000000002,7695.2699999999995,,5860.54,3557.9359999999997,387.22900000000004,,36360.57,23887.7954,785.5577999999999,,,900.,,,,,,,,,,,,,23500.,,,,,,,,,,,,,,,,,,,,,,,,,,,,,,,,,,,,,,,,,,,,,,,,,,,,,,,,,,,,,,,,,,,,,,,,,,,,,,,,,,,,,,,,,,,,,,,,,,,,,,,,,,,,,,,,,511817,
[9816],CONVERGENT MARGIN,SIKHOTE-ALIN-SAKHALIN ARC / SIKHOTE ALIN ARC / KHANKA MASSIF / ALCHAN SUBFORMATION / PACIFIC OCEAN,"WEST OF VERKHNII PEREVAL, ALCHAN BASIN, NE KHANKA MASSIF",46.3,47,134,135,SUBAERIAL,,,s O-1980/2 [9816],RHYOLITE [9816],,,LOWER [9816],CRETACEOUS [9816],,,,,VOLCANIC ROCK,,,,,WHOLE_ROCK [9816] ,322109.4585,1378.482,,79070.0994,,18953.739999999998,5674.29,,5503.1900000000005,2834.2879999999996,929.3496,,38601.975000000006,26781.037699999997,2313.0313,,,2800.0000000000005,,,,,,,,,,,,,22300.,,,,,,,,,,,,,,,,,,,,,,,,,,,,,,,30.1,,,12.41,14.2,,,,,,,,63.8,411,31.1,201,12.3,,,,,,,,,,,,,519,28.3,52.6,5.01,19.3,3.97,1.36,5.71,0.75,5.02,0.82,3.05,0.51,2.93,0.39,5.4,1.21,,,,,,,,,14.5,,8.15,2.18,,,,,,,,,,,,,,,,,,,,,,,,,511818,
[9816],CONVERGENT MARGIN,SIKHOTE-ALIN-SAKHALIN ARC / SIKHOTE ALIN ARC / KHANKA MASSIF / ALCHAN SUBFORMATION / PACIFIC OCEAN,"WEST OF VERKHNII PEREVAL, ALCHAN BASIN, NE KHANKA MASSIF",46.3,47,134,135,SUBAERIAL,,,s O-1980/2A [9816],RHYOLITE [9816],,,LOWER [9816],CRETACEOUS [9816],,,,,VOLCANIC ROCK,,,,,WHOLE_ROCK [9816] ,317481.852,2936.7659999999996,,76635.5448,,19023.68,21764.399999999998,,14365.47,1628.208,619.5664,,22746.11,33012.6365,872.8420000000001,,,1600.,,,,,,,,,,,,,12500.,,,,,,,,,,,,,,,,,,,,,,,,,,,,,,,27.7,,,8.37,16.7,,,,,,,,58.9,310,27.13,184,10.25,,,,,,,,,,,,,643,24.5,50.6,5.35,22.8,4.83,1.16,4.68,0.72,4.15,0.77,2.47,0.44,2.71,0.42,4.31,0.81,,,,,,,,,9.8,,7.98,2.23,,,,,,,,,,,,,,,,,,,,,,,,,511819,
[9816],CONVERGENT MARGIN,SIKHOTE-ALIN-SAKHALIN ARC / SIKHOTE ALIN ARC / KHANKA MASSIF / ALCHAN SUBFORMATION / PACIFIC OCEAN,"WEST OF VERKHNII PEREVAL, ALCHAN BASIN, NE KHANKA MASSIF",46.3,47,134,135,SUBAERIAL,,,s O-1980/5 [9816],RHYODACITE [9816],,,LOWER [9816],CRETACEOUS [9816],,,,,VOLCANIC ROCK,,,,,WHOLE_ROCK [9816] ,309021.2785,3476.1719999999996,,82404.38070000001,,27276.6,14380.050000000001,,12221.369999999999,4643.407999999999,387.22900000000004,,16270.94,33606.1221,785.5577999999999,,,1600.,,,,,,,,,,,,,21900.,,,,,,,,,,,,,,,,,,,,,,,,,,,,,,,,,,,,,,,,,,,,,,,,,,,,,,,,,,,,,,,,,,,,,,,,,,,,,,,,,,,,,,,,,,,,,,,,,,,,,,,,,,,,,,,,,511820,
[9816],CONVERGENT MARGIN,SIKHOTE-ALIN-SAKHALIN ARC / SIKHOTE ALIN ARC / KHANKA MASSIF / ALCHAN SUBFORMATION / PACIFIC OCEAN,"WEST OF VERKHNII PEREVAL, ALCHAN BASIN, NE KHANKA MASSIF",46.3,47,134,135,SUBAERIAL,,,s O-1980/6 [9816],DACITE [9816],,,LOWER [9816],CRETACEOUS [9816],,,,,VOLCANIC ROCK,,,,,WHOLE_ROCK [9816] ,298036.55600000004,3536.1059999999998,,82404.38070000001,,11959.74,41896.469999999994,,15437.52,5547.968,851.9038,,22912.14,30861.2512,872.8420000000001,,,800.,,,,,,,,,,,,,24100.,,,,,,,,,,,,,,,,,,,,,,,,,,,,,,,,,,,,,,,,,,,,,,,,,,,,,,,,,,,,,,,,,,,,,,,,,,,,,,,,,,,,,,,,,,,,,,,,,,,,,,,,,,,,,,,,,511821,
[9816],CONVERGENT MARGIN,SIKHOTE-ALIN-SAKHALIN ARC / SIKHOTE ALIN ARC / KHANKA MASSIF / ALCHAN SUBFORMATION / PACIFIC OCEAN,"WEST OF VERKHNII PEREVAL, ALCHAN BASIN, NE KHANKA MASSIF",46.3,47,134,135,SUBAERIAL,,,s O-1980/8 [9816],DACITE [9816],,,LOWER [9816],CRETACEOUS [9816],,,,,VOLCANIC ROCK,,,,,WHOLE_ROCK [9816] ,299111.65650000004,3236.436,,82669.0062,,13848.119999999999,18499.739999999998,,21726.88,8985.296,697.0122,,29470.324999999997,19510.839099999997,872.8420000000001,,,2000.,,,,,,,,,,,,,38100.,,,,,,,,,,,,,,,,,,,,,,,,,,,,,,,,,,,,,,,,,,,,,,,,,,,,,,,,,,,,,,,,,,,,,,,,,,,,,,,,,,,,,,,,,,,,,,,,,,,,,,,,,,,,,,,,,511822,
[9816],CONVERGENT MARGIN,SIKHOTE-ALIN-SAKHALIN ARC / SIKHOTE ALIN ARC / KHANKA MASSIF / ALCHAN SUBFORMATION / PACIFIC OCEAN,"WEST OF VERKHNII PEREVAL, ALCHAN BASIN, NE KHANKA MASSIF",46.3,47,134,135,SUBAERIAL,,,s O-1980/3 [9816],ANDESITE [9816],,,LOWER [9816],CRETACEOUS [9816],,,,,VOLCANIC ROCK,,,,,WHOLE_ROCK [9816] ,294717.7675,3596.0399999999995,,86109.1377,,19373.38,22697.16,,26158.02,10553.199999999999,851.9038,,19591.539999999997,20846.1817,1047.4104,,,2200.,,,,,,,,,,,,,34700.,,,,,,,,,,,,,,,,,,,,,,,,,,,,,,,,,,,,,,,,,,,,,,,,,,,,,,,,,,,,,,,,,,,,,,,,,,,,,,,,,,,,,,,,,,,,,,,,,,,,,,,,,,,,,,,,,511823,
[9816],CONVERGENT MARGIN,SIKHOTE-ALIN-SAKHALIN ARC / SIKHOTE ALIN ARC / KHANKA MASSIF / ALCHAN SUBFORMATION / PACIFIC OCEAN,"WEST OF VERKHNII PEREVAL, ALCHAN BASIN, NE KHANKA MASSIF",46.3,47,134,135,SUBAERIAL,,,s O-1980/11 [9816],ANDESITE [9816],,,LOWER [9816],CRETACEOUS [9816],,,,,VOLCANIC ROCK,,,,,WHOLE_ROCK [9816] ,282798.17500000005,4854.654,,81240.0285,,12799.02,23163.54,,34734.420000000006,9226.511999999999,1084.2412000000002,,21998.975,13056.6832,1221.9788,,,1900.,,,,,,,,,,,,,68300.,,,,,,,,,,,,,,,,,,,,,,,,,,,,,,,,,,,,,,,,,,,,,,,,,,,,,,,,,,,,,,,,,,,,,,,,,,,,,,,,,,,,,,,,,,,,,,,,,,,,,,,,,,,,,,,,,511824,
[9816],CONVERGENT MARGIN,SIKHOTE-ALIN-SAKHALIN ARC / SIKHOTE ALIN ARC / KHANKA MASSIF / ALCHAN SUBFORMATION / PACIFIC OCEAN,"WEST OF VERKHNII PEREVAL, ALCHAN BASIN, NE KHANKA MASSIF",46.3,47,134,135,SUBAERIAL,,,s O-1980/10 [9816],ANDESITE [9816],,,LOWER [9816],CRETACEOUS [9816],,,,,VOLCANIC ROCK,,,,,WHOLE_ROCK [9816] ,284293.967,3895.71,,89549.26920000001,,19932.9,23241.27,,14508.409999999998,5186.143999999999,464.6748,,39764.185,26410.1092,960.1262,,,1300.,,,,,,,,,,,,,36500.,,,,,,,,,,,,,,,,,,,,,,,,,,,,,,,,,,,,,,,,,,,,,,,,,,,,,,,,,,,,,,,,,,,,,,,,,,,,,,,,,,,,,,,,,,,,,,,,,,,,,,,,,,,,,,,,,511825,
[9816],CONVERGENT MARGIN,SIKHOTE-ALIN-SAKHALIN ARC / SIKHOTE ALIN ARC / KHANKA MASSIF / ALCHAN SUBFORMATION / PACIFIC OCEAN,"WEST OF VERKHNII PEREVAL, ALCHAN BASIN, NE KHANKA MASSIF",46.3,47,134,135,SUBAERIAL,,,s O-1980/13 [9816],ANDESITE [9816],,,LOWER [9816],CRETACEOUS [9816],,,,,VOLCANIC ROCK,,,,,WHOLE_ROCK [9816] ,282424.227,3835.776,,88967.0931,,19583.199999999997,22153.05,,31947.089999999997,8623.472,851.9038,,19591.539999999997,23739.424,1091.0525,,,1600.,,,,,,,,,,,,,39800.,,,,,,,,,,,,,,,,,,,,,,,,,,,,,,,,,,,,,,,,,,,,,,,,,,,,,,,,,,,,,,,,,,,,,,,,,,,,,,,,,,,,,,,,,,,,,,,,,,,,,,,,,,,,,,,,,511826,
[9816],CONVERGENT MARGIN,SIKHOTE-ALIN-SAKHALIN ARC / SIKHOTE ALIN ARC / KHANKA MASSIF / ALCHAN SUBFORMATION / PACIFIC OCEAN,"WEST OF VERKHNII PEREVAL, ALCHAN BASIN, NE KHANKA MASSIF",46.3,47,134,135,SUBAERIAL,,,s O-1980/14 [9816],ANDESITE [9816],,,LOWER [9816],CRETACEOUS [9816],,,,,VOLCANIC ROCK,,,,,WHOLE_ROCK [9816] ,275552.93250000005,4135.445999999999,,81504.65400000001,,15316.859999999999,27360.96,,34448.54,11879.887999999999,697.0122,,21583.9,16320.854000000001,1178.3367,,,3400.0000000000005,,,,,,,,,,,,,66300.,,,,,,,,,,,,,,,,,,,,,,,,,,,,,,,,,,,,,,,,,,,,,,,,,,,,,,,,,,,,,,,,,,,,,,,,,,,,,,,,,,,,,,,,,,,,,,,,,,,,,,,,,,,,,,,,,511827,
[9816],CONVERGENT MARGIN,SIKHOTE-ALIN-SAKHALIN ARC / SIKHOTE ALIN ARC / KHANKA MASSIF / ALCHAN SUBFORMATION / PACIFIC OCEAN,"NEAR SETTLEMENT OF ZNAMENKA, ALCHAN BASIN, NE KHANKA MASSIF",46.3,47,134,135,SUBAERIAL,,,s AL-12 [9816],ANDESITE [9816],,,LOWER [9816],CRETACEOUS [9816],,,,,VOLCANIC ROCK,,,,,WHOLE_ROCK [9816] ,279058.695,4015.578,,85474.0365,,21751.34,29304.21,,19082.489999999998,30152.,851.9038,,23161.185,24703.8381,1003.7683000000001,,,3400.0000000000005,,,,,,,,,,,,,16600.,,,,,,,,,,,,,,,,,,,,,,,,,,,,,,190,47.1,,,18.14,13.1,,,,,,,,78.9,511,27.32,111,8.35,,,,,,,,,,,,,654,21.17,44.32,5.54,21.85,5.17,1.2,4.34,0.64,3.73,0.68,2.39,0.62,1.97,0.26,3.19,0.49,,,,,,,,,15.7,,5.3,1.65,,,,,,,,,,,,,,,,,,,,,,,,,511828,
[9816],CONVERGENT MARGIN,SIKHOTE-ALIN-SAKHALIN ARC / SIKHOTE ALIN ARC / KHANKA MASSIF / ALCHAN SUBFORMATION / PACIFIC OCEAN,"NEAR SETTLEMENT OF ZNAMENKA, ALCHAN BASIN, NE KHANKA MASSIF",46.3,47,134,135,SUBAERIAL,,,s AL-13 [9816],ANDESITE [9816],,,LOWER [9816],CRETACEOUS [9816],,,,,VOLCANIC ROCK,,,,,WHOLE_ROCK [9816] ,283265.61000000004,4195.379999999999,,85368.1863,,15946.319999999998,32413.41,,17581.62,20985.791999999998,851.9038,,31794.745,27819.637499999997,1047.4104,,,3900.,,,,,,,,,,,,,18500.,,,,,,,,,,,,,,,,,,,,,,,,,,,,,,180,49.8,,,15.45,11.7,,,,,,,,89.9,561,25.97,102,8.96,,,,,,,,,,,,,806,22.57,45.97,5.99,22.88,4.63,1.32,4.55,0.64,3.73,0.7,2.1,0.57,2.26,0.33,3.11,0.66,,,,,,,,,17.8,,5.31,1.65,,,,,,,,,,,,,,,,,,,,,,,,,511829,
[9816],CONVERGENT MARGIN,SIKHOTE-ALIN-SAKHALIN ARC / SIKHOTE ALIN ARC / KHANKA MASSIF / ALCHAN SUBFORMATION / PACIFIC OCEAN,"NEAR SETTLEMENT OF ZNAMENKA, ALCHAN BASIN, NE KHANKA MASSIF",46.3,47,134,135,SUBAERIAL,,,s AL-14 [9816],ANDESITE [9816],,,LOWER [9816],CRETACEOUS [9816],,,,,VOLCANIC ROCK,,,,,WHOLE_ROCK [9816] ,269242.56000000006,4015.578,,81928.05480000001,,19303.44,28293.72,,21226.59,22975.824,851.9038,,29387.31,26558.4806,1047.4104,,,3600.,,,,,,,,,,,,,49100.,,,,,,,,,,,,,,,,,,,,,,,,,,,,,,,,,,,,,,,,,,,,,,,,,,,,,,,,,,,,,,,,,,,,,,,,,,,,,,,,,,,,,,,,,,,,,,,,,,,,,,,,,,,,,,,,,511830,
[9816],CONVERGENT MARGIN,SIKHOTE-ALIN-SAKHALIN ARC / SIKHOTE ALIN ARC / KHANKA MASSIF / ALCHAN SUBFORMATION / PACIFIC OCEAN,"NEAR SETTLEMENT OF ZNAMENKA, ALCHAN BASIN, NE KHANKA MASSIF",46.3,47,134,135,SUBAERIAL,,,s AL-15 [9816],ANDESITE [9816],,,LOWER [9816],CRETACEOUS [9816],,,,,VOLCANIC ROCK,,,,,WHOLE_ROCK [9816] ,268307.69,4315.248,,85315.26120000001,,18324.280000000002,37388.13,,28087.710000000003,26955.887999999995,1084.2412000000002,,20836.765,20549.4389,1047.4104,,,6100.,,,,,,,,,,,,,36000.,,,,,,,,,,,,,,,,,,,,,,,,,,,,,,200,106,,,11.6,19.3,,,,,,,,70.2,460,22.1,76.1,7.34,,,,,,,,,,,,,602,20.29,40.63,5.22,21.41,4.08,1.2,4.2,0.56,3.73,0.61,1.76,0.63,1.68,0.24,2.56,0.52,,,,,,,,,14.5,,4.04,1.34,,,,,,,,,,,,,,,,,,,,,,,,,511831,
[9816],CONVERGENT MARGIN,SIKHOTE-ALIN-SAKHALIN ARC / SIKHOTE ALIN ARC / KHANKA MASSIF / ALCHAN SUBFORMATION / PACIFIC OCEAN,"NEAR SETTLEMENT OF ZNAMENKA, ALCHAN BASIN, NE KHANKA MASSIF",46.3,47,134,135,SUBAERIAL,,,s AL-19 [9816],ANDESITE [9816],,,LOWER [9816],CRETACEOUS [9816],,,,,VOLCANIC ROCK,,,,,WHOLE_ROCK [9816] ,273449.47500000003,4015.578,,85474.0365,,16925.48,31169.73,,17009.86,28945.92,1006.7954,,23825.305,27151.9662,1309.263,,,4200.,,,,,,,,,,,,,34900.,,,,,,,,,,,,,,,,,,,,,,,,,,,,,,170,49.1,,,18.4,11.6,,,,,,,,19.1,1201,14.5,162,9.96,,,,,,,,,,,,,625,3.89,20.9,8.09,30.2,5.44,1.52,3.82,0.52,2.88,0.4,0.8,0.2,0.88,0.27,2.99,0.53,,,,,,,,,18.2,,5.3,1.57,,,,,,,,,,,,,,,,,,,,,,,,,511832,
[9816],CONVERGENT MARGIN,SIKHOTE-ALIN-SAKHALIN ARC / SIKHOTE ALIN ARC / KHANKA MASSIF / ALCHAN SUBFORMATION / PACIFIC OCEAN,"NEAR SETTLEMENT OF ZNAMENKA, ALCHAN BASIN, NE KHANKA MASSIF",46.3,47,134,135,SUBAERIAL,,,s AL-20 [9816],ANDESITE [9816],,,LOWER [9816],CRETACEOUS [9816],,,,,VOLCANIC ROCK,,,,,WHOLE_ROCK [9816] ,250077.725,6652.674,,83992.1337,,25108.46,27127.77,,31446.800000000003,32925.984,851.9038,,26979.875,14837.14,2618.526,,,4000.,,,,,,,,,,,,,61500.,,,,,,,,,,,,,,,,,,,,,,,,,,,,,,130,127.1,,,18.2,66.2,,,,,,,,26.2,436,17.1,51,4.55,,,,,,,,,,,,,225,9.17,28.1,2.76,11.9,3.42,0.83,3.04,0.48,3.02,0.54,1.66,0.3,1.57,0.1,3.47,0.71,,,,,,,,,11.6,,2.65,0.68,,,,,,,,,,,,,,,,,,,,,,,,,511833,
[9816],CONVERGENT MARGIN,SIKHOTE-ALIN-SAKHALIN ARC / SIKHOTE ALIN ARC / KHANKA MASSIF / ALCHAN SUBFORMATION / PACIFIC OCEAN,"NEAR SETTLEMENT OF ZNAMENKA, ALCHAN BASIN, NE KHANKA MASSIF",46.3,47,134,135,SUBAERIAL,,,s AL-22 [9816],ANDESITE [9816],,,LOWER [9816],CRETACEOUS [9816],,,,,VOLCANIC ROCK,,,,,WHOLE_ROCK [9816] ,246338.24500000002,5274.192,,90025.5951,,41054.78,29381.94,,36592.64,46916.511999999995,1394.0244,,18180.285,12834.1261,1309.263,,,4600.,,,,,,,,,,,,,17100.,,,,,,,,,,,,,,,,,,,,,,,,,,,,,,280,74.3,,,23.7,26,,,,,,,,63.5,584,15.9,191,14.1,,,,,,,,,,,,,718,35.3,67.8,7.75,28.3,4.48,1.29,3.75,0.44,2.5,0.39,1.2,0.29,1.08,0.22,1.72,0.23,,,,,,,,,4.7,,1.18,0.29,,,,,,,,,,,,,,,,,,,,,,,,,511834,
[9816],CONVERGENT MARGIN,SIKHOTE-ALIN-SAKHALIN ARC / SIKHOTE ALIN ARC / KHANKA MASSIF / ALCHAN SUBFORMATION / PACIFIC OCEAN,"WEST OF VERKHNII PEREVAL, ALCHAN BASIN, NE KHANKA MASSIF",46.3,47,134,135,SUBAERIAL,,,s O-1980/15 [9816],ANDESITE [9816],,,LOWER [9816],CRETACEOUS [9816],,,,,VOLCANIC ROCK,,,,,WHOLE_ROCK [9816] ,294343.81950000004,3536.1059999999998,,89072.9433,,23919.48,10104.9,,21012.18,10854.72,619.5664,,23244.199999999997,34867.279,1178.3367,,,2800.0000000000005,,,,,,,,,,,,,18500.,,,,,,,,,,,,,,,,,,,,,,,,,,,,,,,,,,,,,,,,,,,,,,,,,,,,,,,,,,,,,,,,,,,,,,,,,,,,,,,,,,,,,,,,,,,,,,,,,,,,,,,,,,,,,,,,,511835,
[9816],CONVERGENT MARGIN,SIKHOTE-ALIN-SAKHALIN ARC / SIKHOTE ALIN ARC / KHANKA MASSIF / SEVERYANKA FORMATION / PACIFIC OCEAN,"ALONG SEVERYANKA CREEK, ALCHAN BASIN, NE KHANKA MASSIF",46.3,47,134,135,SUBAERIAL,,,s P-2 [9816],DACITE [9816],,,LOWER [9816],CRETACEOUS [9816],,,,,VOLCANIC ROCK,,,,,WHOLE_ROCK [9816] ,299158.4,3895.71,,82986.5568,,13008.84,18810.66,,13293.42,22372.784,774.4580000000001,,31960.775,15504.811299999998,1702.0419000000002,,,5300.,,,,,,,,,,,,,10400.,,,,,,,,,,,,,,,,,,,,,,,,,,,,,,140,53.1,,,12.3,19.2,,,,,,,,63.5,584,15.9,191,14.3,,,,,,,,,,,,,718,35.3,67.8,7.75,28.3,4.48,1.29,3.75,0.44,2.5,0.39,1.2,0.29,1.08,0.16,4.75,0.23,,,,,,,,,13,,6.42,1.84,,,,,,,,,,,,,,,,,,,,,,,,,511836,
[9816],CONVERGENT MARGIN,SIKHOTE-ALIN-SAKHALIN ARC / SIKHOTE ALIN ARC / KHANKA MASSIF / SEVERYANKA FORMATION / PACIFIC OCEAN,"ALONG SEVERYANKA CREEK, ALCHAN BASIN, NE KHANKA MASSIF",46.3,47,134,135,SUBAERIAL,,,s P-5 [9816],DACITE [9816],,,LOWER [9816],CRETACEOUS [9816],,,,,VOLCANIC ROCK,,,,,WHOLE_ROCK [9816] ,297288.66000000003,5334.126,,86267.913,,12099.619999999999,24329.489999999998,,9934.33,24000.992,697.0122,,32292.835000000003,17878.7537,1963.8945,,,8700.,,,,,,,,,,,,,9000.,,,,,,,,,,,,,,,,,,,,,,,,,,,,,,,,,,,,,,,,,,,,,,,,,,,,,,,,,,,,,,,,,,,,,,,,,,,,,,,,,,,,,,,,,,,,,,,,,,,,,,,,,,,,,,,,,511837,
[9816],CONVERGENT MARGIN,SIKHOTE-ALIN-SAKHALIN ARC / SIKHOTE ALIN ARC / KHANKA MASSIF / SEVERYANKA FORMATION / PACIFIC OCEAN,"ALONG SEVERYANKA CREEK, ALCHAN BASIN, NE KHANKA MASSIF",46.3,47,134,135,SUBAERIAL,,,s P-7 [9816],ANDESITE [9816],,,LOWER [9816],CRETACEOUS [9816],,,,,VOLCANIC ROCK,,,,,WHOLE_ROCK [9816] ,280461.,5633.795999999999,,84680.16,,15456.74,30081.510000000002,,23585.1,31961.119999999995,1006.7954,,32458.865,9199.0268,2051.1787,,,7600.,,,,,,,,,,,,,16600.,,,,,,,,,,,,,,,,,,,,,,,,,,,,,,150,125,,,21.6,67.7,,,,,,,,69.4,792,19.5,239,17.8,,,,,,,,,,,,,732,40,82.3,9.98,36.6,6.73,1.67,4.8,0.58,3.03,0.53,1.59,0.4,1.34,0.25,5.22,0.82,,,,,,,,,14.3,,5.26,1.51,,,,,,,,,,,,,,,,,,,,,,,,,511838,
[9816],CONVERGENT MARGIN,SIKHOTE-ALIN-SAKHALIN ARC / SIKHOTE ALIN ARC / KHANKA MASSIF / SEVERYANKA FORMATION / PACIFIC OCEAN,"ALONG SEVERYANKA CREEK, ALCHAN BASIN, NE KHANKA MASSIF",46.3,47,134,135,SUBAERIAL,,,s P-8 [9816],"ANDESITE, BASALTIC [9816]",,,LOWER [9816],CRETACEOUS [9816],,,,,VOLCANIC ROCK,,,,,WHOLE_ROCK [9816] ,260361.29500000004,6233.1359999999995,,84256.7592,,21751.34,32957.520000000004,,20869.239999999998,44926.479999999996,851.9038,,25485.605,9644.141,2182.105,,,5300.,,,,,,,,,,,,,39800.,,,,,,,,,,,,,,,,,,,,,,,,,,,,,,200,133,,,22.1,65.7,,,,,,,,9.5,972,16,110,14.1,,,,,,,,,,,,,586,23.3,51,5.83,23.9,4.09,1.18,3.85,0.54,2.85,0.48,1.43,0.2,1.07,0.18,2.37,0.78,,,,,,,,,8.4,,2.93,0.77,,,,,,,,,,,,,,,,,,,,,,,,,511839,
[9816],CONVERGENT MARGIN,SIKHOTE-ALIN-SAKHALIN ARC / SIKHOTE ALIN ARC / KHANKA MASSIF / SEVERYANKA FORMATION / PACIFIC OCEAN,"ALONG SEVERYANKA CREEK, ALCHAN BASIN, NE KHANKA MASSIF",46.3,47,134,135,SUBAERIAL,,,s P-9 [9816],"ANDESITE, BASALTIC [9816]",,,LOWER [9816],CRETACEOUS [9816],,,,,VOLCANIC ROCK,,,,,WHOLE_ROCK [9816] ,252882.33500000002,6353.004,,91137.02219999999,,14477.579999999998,38243.159999999996,,18725.14,42273.104,1239.1328,,26149.725,4302.7706,2356.6734,,,6800.000000000001,,,,,,,,,,,,,51500.,,,,,,,,,,,,,,,,,,,,,,,,,,,,,,,,,,,,,,,,,,,,,,,,,,,,,,,,,,,,,,,,,,,,,,,,,,,,,,,,,,,,,,,,,,,,,,,,,,,,,,,,,,,,,,,,,511840,
[9816],CONVERGENT MARGIN,SIKHOTE-ALIN-SAKHALIN ARC / SIKHOTE ALIN ARC / KHANKA MASSIF / SEVERYANKA FORMATION / PACIFIC OCEAN,"ALONG SEVERYANKA CREEK, ALCHAN BASIN, NE KHANKA MASSIF",46.3,47,134,135,SUBAERIAL,,,s P-10 [9816],"ANDESITE, BASALTIC [9816]",,,LOWER [9816],CRETACEOUS [9816],,,,,VOLCANIC ROCK,,,,,WHOLE_ROCK [9816] ,248675.42000000004,9589.44,,84097.9839,,14477.579999999998,46016.159999999996,,24657.15,40946.416,1316.5786,,28806.205,12834.1261,2618.526,,,13400.,,,,,,,,,,,,,34000.,,,,,,,,,,,,,,,,,,,,,,,,,,,,,,,,,,,,,,,,,,,,,,,,,,,,,,,,,,,,,,,,,,,,,,,,,,,,,,,,,,,,,,,,,,,,,,,,,,,,,,,,,,,,,,,,,511841,
[9816],CONVERGENT MARGIN,SIKHOTE-ALIN-SAKHALIN ARC / SIKHOTE ALIN ARC / KHANKA MASSIF / SEVERYANKA FORMATION / PACIFIC OCEAN,"ALONG SEVERYANKA CREEK, ALCHAN BASIN, NE KHANKA MASSIF",46.3,47,134,135,SUBAERIAL,,,s P-11 [9816],"ANDESITE, BASALTIC [9816]",,,LOWER [9816],CRETACEOUS [9816],,,,,VOLCANIC ROCK,,,,,WHOLE_ROCK [9816] ,251947.46500000003,6652.674,,90978.24690000001,,12099.619999999999,47803.950000000004,,24085.39,44323.439999999995,851.9038,,26813.845,9644.141,2182.105,,,7700.,,,,,,,,,,,,,32300.,,,,,,,,,,,,,,,,,,,,,,,,,,,,,,210,170,,,16,65,,,,,,,,7.5,1021,15.8,105,14,,,,,,,,,,,,,514,25.4,52,5.98,24.3,5.04,1.28,3.78,0.6,2.92,0.52,1.44,0.3,1.16,0.19,0.42,0.66,,,,,,,,,9.4,,2.33,0.64,,,,,,,,,,,,,,,,,,,,,,,,,511842,
[9816],CONVERGENT MARGIN,SIKHOTE-ALIN-SAKHALIN ARC / SIKHOTE ALIN ARC / KHANKA MASSIF / SEVERYANKA FORMATION / PACIFIC OCEAN,"ALONG SEVERYANKA CREEK, ALCHAN BASIN, NE KHANKA MASSIF",46.3,47,134,135,SUBAERIAL,,,s O-1970/8 [9816],BASALT [9816],,,LOWER [9816],CRETACEOUS [9816],,,,,VOLCANIC ROCK,,,,,WHOLE_ROCK [9816] ,234699.11350000004,10668.252,,80604.92730000001,,39865.8,26583.66,,50314.88,33287.808,851.9038,,18429.33,22033.1529,1745.6840000000002,,,10700.,,,,,,,,,,,,,39300.,,,,,,,,,,,,,,,,,,,,,,,,,,,,,,180,110,,,25.3,56,,,,,,,,44,854,19,192,14,,,,,,,,,,,,,560,30,63,8,29,5.1,1.2,4,1,3,1,2,,1.03,0.12,4.1,1.2,,,,,,,,,9,,5.1,1.1,,,,,,,,,,,,,,,,,,,,,,,,,511843,
[9816],CONVERGENT MARGIN,SIKHOTE-ALIN-SAKHALIN ARC / SIKHOTE ALIN ARC / KHANKA MASSIF / ASSIKAEV FORMATION / PACIFIC OCEAN,"RIGHT BANK OF BIKIN RIVER, EAST OF SETTLEMENT OF VERKHNII PEREVAL, ALCHAN BASIN, NE KHANKA MASSIF",46.3,47,134,135,SUBAERIAL,,,s A-408 [9816],BASALT [9816],,,LOWER [9816],CRETACEOUS [9816],,,,CLINOPYROXENE-PLAGIOPHYRIC [9816] ,VOLCANIC ROCK,,,,,WHOLE_ROCK [9816] ,,,,,,,,,,,,,,,,,,,,,,,,,,,,,,,,,,,,,,,,,,,,,,,,,,,,,,,,,,,,,148,30,,,19,50,,,,,,,,5,,,,,,,,,,,,,,,,,,,,,,,,,,,,,,,,,,,,,,,,,,,,,,,,,,,,,,,,,,,,,,,,,,,,,,511844,
[14451],CONVERGENT MARGIN,SIKHOTE-ALIN-SAKHALIN ARC / SIKHOTE ALIN ARC / SIKHOTE-ALIN BELT - CENOZOIC / PACIFIC OCEAN,ENNOKENTIEV,50,50,135,135,SUBAERIAL,,,s EN-1 [14451],"LHERZOLITE, SPINEL, XENOLITH [14451]",,,,,,,,,MANTLE XENOLITH,,,,HE3_HE4(R/R(A)) from OLIVINE [14451],MINERAL / COMPONENT (INCL. GROUNDMASS) [14451] ,,,,,,,,,,,,,,,,,,,,,,,,,,,,,,,,,,,,,,,,,,,,,,,,,,,,,,,,,,,,,,,,,,,,,,,,,,,,,,,,,,,,,,,,,,,,,,,,,,,,,,,,,,,,,,,,,,,,,,,,,,,,,,,,,,,,,,,,,,,7.8,,,,,511857,
[14451],CONVERGENT MARGIN,SIKHOTE-ALIN-SAKHALIN ARC / SIKHOTE ALIN ARC / SIKHOTE-ALIN BELT - CENOZOIC / PACIFIC OCEAN,ENNOKENTIEV,50,50,135,135,SUBAERIAL,,,s EN-44 [14451],NOT GIVEN [14451],,,,,,,,,MANTLE XENOLITH,,,,HE3_HE4(R/R(A)) from OLIVINE [14451],MINERAL / COMPONENT (INCL. GROUNDMASS) [14451] ,,,,,,,,,,,,,,,,,,,,,,,,,,,,,,,,,,,,,,,,,,,,,,,,,,,,,,,,,,,,,,,,,,,,,,,,,,,,,,,,,,,,,,,,,,,,,,,,,,,,,,,,,,,,,,,,,,,,,,,,,,,,,,,,,,,,,,,,,,,6.5,,,,,511858,
[14451],CONVERGENT MARGIN,SIKHOTE-ALIN-SAKHALIN ARC / SIKHOTE ALIN ARC / SIKHOTE-ALIN BELT - CENOZOIC / PACIFIC OCEAN,ENNOKENTIEV,50,50,135,135,SUBAERIAL,,,s EN-010 [14451],NOT GIVEN [14451],,,,,,,,,MANTLE XENOLITH,,,,HE3_HE4(R/R(A)) from OLIVINE [14451],MINERAL / COMPONENT (INCL. GROUNDMASS) [14451] ,,,,,,,,,,,,,,,,,,,,,,,,,,,,,,,,,,,,,,,,,,,,,,,,,,,,,,,,,,,,,,,,,,,,,,,,,,,,,,,,,,,,,,,,,,,,,,,,,,,,,,,,,,,,,,,,,,,,,,,,,,,,,,,,,,,,,,,,,,,3.2,,,,,511859,
[14451],CONVERGENT MARGIN,SIKHOTE-ALIN-SAKHALIN ARC / SIKHOTE ALIN ARC / SIKHOTE-ALIN BELT - CENOZOIC / PACIFIC OCEAN,ENNOKENTIEV,50,50,135,135,SUBAERIAL,,,s EN-41 [14451],NOT GIVEN [14451],,,,,,,,,MANTLE XENOLITH,,,,HE3_HE4(R/R(A)) from OLIVINE [14451],MINERAL / COMPONENT (INCL. GROUNDMASS) [14451] ,,,,,,,,,,,,,,,,,,,,,,,,,,,,,,,,,,,,,,,,,,,,,,,,,,,,,,,,,,,,,,,,,,,,,,,,,,,,,,,,,,,,,,,,,,,,,,,,,,,,,,,,,,,,,,,,,,,,,,,,,,,,,,,,,,,,,,,,,,,3.1,,,,,511860,
[14451],CONVERGENT MARGIN,SIKHOTE-ALIN-SAKHALIN ARC / SIKHOTE ALIN ARC / SIKHOTE-ALIN BELT - CENOZOIC / PACIFIC OCEAN,ENNOKENTIEV,50,50,135,135,SUBAERIAL,,,s EN2A [14451],NOT GIVEN [14451],,,,,,,,,MANTLE XENOLITH,,,,HE3_HE4(R/R(A)) from OLIVINE [14451],MINERAL / COMPONENT (INCL. GROUNDMASS) [14451] ,,,,,,,,,,,,,,,,,,,,,,,,,,,,,,,,,,,,,,,,,,,,,,,,,,,,,,,,,,,,,,,,,,,,,,,,,,,,,,,,,,,,,,,,,,,,,,,,,,,,,,,,,,,,,,,,,,,,,,,,,,,,,,,,,,,,,,,,,,,4.9,,,,,511861,
[14451],CONVERGENT MARGIN,SIKHOTE-ALIN-SAKHALIN ARC / SIKHOTE ALIN ARC / SIKHOTE-ALIN BELT - CENOZOIC / PACIFIC OCEAN,ENNOKENTIEV,50,50,135,135,SUBAERIAL,,,s EN2I [14451],"LHERZOLITE, SPINEL, XENOLITH [14451]",,,,,,,,,MANTLE XENOLITH,,,,HE3_HE4(R/R(A)) from OLIVINE [14451],MINERAL / COMPONENT (INCL. GROUNDMASS) [14451] ,,,,,,,,,,,,,,,,,,,,,,,,,,,,,,,,,,,,,,,,,,,,,,,,,,,,,,,,,,,,,,,,,,,,,,,,,,,,,,,,,,,,,,,,,,,,,,,,,,,,,,,,,,,,,,,,,,,,,,,,,,,,,,,,,,,,,,,,,,,0.8,,,,,511862,
[14451],CONVERGENT MARGIN,SIKHOTE-ALIN-SAKHALIN ARC / SIKHOTE ALIN ARC / SIKHOTE-ALIN BELT - CENOZOIC / PACIFIC OCEAN,ENNOKENTIEV,50,50,135,135,SUBAERIAL,,,s EN2I [14451],"LHERZOLITE, SPINEL, XENOLITH [14451]",,,,,,,,,MANTLE XENOLITH,,,,HE3_HE4(R/R(A)) from ORTHOPYROXENE [14451],MINERAL / COMPONENT (INCL. GROUNDMASS) [14451] ,,,,,,,,,,,,,,,,,,,,,,,,,,,,,,,,,,,,,,,,,,,,,,,,,,,,,,,,,,,,,,,,,,,,,,,,,,,,,,,,,,,,,,,,,,,,,,,,,,,,,,,,,,,,,,,,,,,,,,,,,,,,,,,,,,,,,,,,,,,0.1,,,,,511863,
[14451],CONVERGENT MARGIN,SIKHOTE-ALIN-SAKHALIN ARC / SIKHOTE ALIN ARC / SIKHOTE-ALIN BELT - CENOZOIC / PACIFIC OCEAN,ENNOKENTIEV,50,50,135,135,SUBAERIAL,,,s EN2I [14451],"LHERZOLITE, SPINEL, XENOLITH [14451]",,,,,,,,,MANTLE XENOLITH,,,,HE3_HE4(R/R(A)) from CLINOPYROXENE [14451],MINERAL / COMPONENT (INCL. GROUNDMASS) [14451] ,,,,,,,,,,,,,,,,,,,,,,,,,,,,,,,,,,,,,,,,,,,,,,,,,,,,,,,,,,,,,,,,,,,,,,,,,,,,,,,,,,,,,,,,,,,,,,,,,,,,,,,,,,,,,,,,,,,,,,,,,,,,,,,,,,,,,,,,,,,0.77,,,,,511864,
[14451],CONVERGENT MARGIN,SIKHOTE-ALIN-SAKHALIN ARC / SIKHOTE ALIN ARC / SIKHOTE-ALIN BELT - CENOZOIC / PACIFIC OCEAN,ILCHAN(SKAYA),47,47,132.89,132.89,SUBAERIAL,,,s ILC-2 [14451],NOT GIVEN [14451],,,,,,,,,MANTLE XENOLITH,,,,HE3_HE4(R/R(A)) from OLIVINE [14451],MINERAL / COMPONENT (INCL. GROUNDMASS) [14451] ,,,,,,,,,,,,,,,,,,,,,,,,,,,,,,,,,,,,,,,,,,,,,,,,,,,,,,,,,,,,,,,,,,,,,,,,,,,,,,,,,,,,,,,,,,,,,,,,,,,,,,,,,,,,,,,,,,,,,,,,,,,,,,,,,,,,,,,,,,,27,,,,,511866,
[14451],CONVERGENT MARGIN,SIKHOTE-ALIN-SAKHALIN ARC / SIKHOTE ALIN ARC / SIKHOTE-ALIN BELT - CENOZOIC / PACIFIC OCEAN,ILCHAN(SKAYA),47,47,132.89,132.89,SUBAERIAL,,,s ILC-2 [14451],NOT GIVEN [14451],,,,,,,,,MANTLE XENOLITH,,,,HE3_HE4(R/R(A)) from OLIVINE [14451],MINERAL / COMPONENT (INCL. GROUNDMASS) [14451] ,,,,,,,,,,,,,,,,,,,,,,,,,,,,,,,,,,,,,,,,,,,,,,,,,,,,,,,,,,,,,,,,,,,,,,,,,,,,,,,,,,,,,,,,,,,,,,,,,,,,,,,,,,,,,,,,,,,,,,,,,,,,,,,,,,,,,,,,,,,0,,,,,511867,
[14451],CONVERGENT MARGIN,SIKHOTE-ALIN-SAKHALIN ARC / SIKHOTE ALIN ARC / KHANKA MASSIF / PACIFIC OCEAN,SVEYAGA (SVEYAGIN),43,43,133,133,SUBAERIAL,,,s SV2-10 [14451],NOT GIVEN [14451],,,,,,,,,MANTLE XENOLITH,,,,HE3_HE4(R/R(A)) from OLIVINE [14451],MINERAL / COMPONENT (INCL. GROUNDMASS) [14451] ,,,,,,,,,,,,,,,,,,,,,,,,,,,,,,,,,,,,,,,,,,,,,,,,,,,,,,,,,,,,,,,,,,,,,,,,,,,,,,,,,,,,,,,,,,,,,,,,,,,,,,,,,,,,,,,,,,,,,,,,,,,,,,,,,,,,,,,,,,,0.6,,,,,511869,
[14451],CONVERGENT MARGIN,SIKHOTE-ALIN-SAKHALIN ARC / SIKHOTE ALIN ARC / KHANKA MASSIF / PACIFIC OCEAN,SVEYAGA (SVEYAGIN),43,43,133,133,SUBAERIAL,,,s SV3-02 [14451],NOT GIVEN [14451],,,,,,,,,MANTLE XENOLITH,,,,HE3_HE4(R/R(A)) from OLIVINE [14451],MINERAL / COMPONENT (INCL. GROUNDMASS) [14451] ,,,,,,,,,,,,,,,,,,,,,,,,,,,,,,,,,,,,,,,,,,,,,,,,,,,,,,,,,,,,,,,,,,,,,,,,,,,,,,,,,,,,,,,,,,,,,,,,,,,,,,,,,,,,,,,,,,,,,,,,,,,,,,,,,,,,,,,,,,,0,,,,,511870,
[14451],CONVERGENT MARGIN,SIKHOTE-ALIN-SAKHALIN ARC / SIKHOTE ALIN ARC / KHANKA MASSIF / PACIFIC OCEAN,SVEYAGA (SVEYAGIN),43,43,133,133,SUBAERIAL,,,s SV-2 [14451],NOT GIVEN [14451],,,,,,,,,MANTLE XENOLITH,,,,HE3_HE4(R/R(A)) from OLIVINE [14451],MINERAL / COMPONENT (INCL. GROUNDMASS) [14451] ,,,,,,,,,,,,,,,,,,,,,,,,,,,,,,,,,,,,,,,,,,,,,,,,,,,,,,,,,,,,,,,,,,,,,,,,,,,,,,,,,,,,,,,,,,,,,,,,,,,,,,,,,,,,,,,,,,,,,,,,,,,,,,,,,,,,,,,,,,,0,,,,,511871,
[14451],CONVERGENT MARGIN,SIKHOTE-ALIN-SAKHALIN ARC / SIKHOTE ALIN ARC / KHANKA MASSIF / PACIFIC OCEAN,SVEYAGA (SVEYAGIN),43,43,133,133,SUBAERIAL,,,s SV2J [14451],NOT GIVEN [14451],,,,,,,,,MANTLE XENOLITH,,,,HE3_HE4(R/R(A)) from OLIVINE [14451],MINERAL / COMPONENT (INCL. GROUNDMASS) [14451] ,,,,,,,,,,,,,,,,,,,,,,,,,,,,,,,,,,,,,,,,,,,,,,,,,,,,,,,,,,,,,,,,,,,,,,,,,,,,,,,,,,,,,,,,,,,,,,,,,,,,,,,,,,,,,,,,,,,,,,,,,,,,,,,,,,,,,,,,,,,1,,,,,511872,
[14451],CONVERGENT MARGIN,SIKHOTE-ALIN-SAKHALIN ARC / SIKHOTE ALIN ARC / KHANKA MASSIF / PACIFIC OCEAN,SVEYAGA (SVEYAGIN),43,43,133,133,SUBAERIAL,,,s SV2G [14451],NOT GIVEN [14451],,,,,,,,,MANTLE XENOLITH,,,,HE3_HE4(R/R(A)) from OLIVINE [14451],MINERAL / COMPONENT (INCL. GROUNDMASS) [14451] ,,,,,,,,,,,,,,,,,,,,,,,,,,,,,,,,,,,,,,,,,,,,,,,,,,,,,,,,,,,,,,,,,,,,,,,,,,,,,,,,,,,,,,,,,,,,,,,,,,,,,,,,,,,,,,,,,,,,,,,,,,,,,,,,,,,,,,,,,,,0,,,,,511873,
[14451],CONVERGENT MARGIN,SIKHOTE-ALIN-SAKHALIN ARC / SIKHOTE ALIN ARC / KHANKA MASSIF / PACIFIC OCEAN,SVEYAGA (SVEYAGIN),43,43,133,133,SUBAERIAL,,,s SV2H [14451],NOT GIVEN [14451],,,,,,,,,MANTLE XENOLITH,,,,HE3_HE4(R/R(A)) from OLIVINE [14451],MINERAL / COMPONENT (INCL. GROUNDMASS) [14451] ,,,,,,,,,,,,,,,,,,,,,,,,,,,,,,,,,,,,,,,,,,,,,,,,,,,,,,,,,,,,,,,,,,,,,,,,,,,,,,,,,,,,,,,,,,,,,,,,,,,,,,,,,,,,,,,,,,,,,,,,,,,,,,,,,,,,,,,,,,,0,,,,,511874,
[14451],CONVERGENT MARGIN,SIKHOTE-ALIN-SAKHALIN ARC / SIKHOTE ALIN ARC / KHANKA MASSIF / PACIFIC OCEAN,SVEYAGA (SVEYAGIN),43,43,133,133,SUBAERIAL,,,s SV2F [14451],NOT GIVEN [14451],,,,,,,,,MANTLE XENOLITH,,,,HE3_HE4(R/R(A)) from OLIVINE [14451],MINERAL / COMPONENT (INCL. GROUNDMASS) [14451] ,,,,,,,,,,,,,,,,,,,,,,,,,,,,,,,,,,,,,,,,,,,,,,,,,,,,,,,,,,,,,,,,,,,,,,,,,,,,,,,,,,,,,,,,,,,,,,,,,,,,,,,,,,,,,,,,,,,,,,,,,,,,,,,,,,,,,,,,,,,0.01,,,,,511875,
[14451],CONVERGENT MARGIN,SIKHOTE-ALIN-SAKHALIN ARC / SIKHOTE ALIN ARC / KHANKA MASSIF / PACIFIC OCEAN,SVEYAGA (SVEYAGIN),43,43,133,133,SUBAERIAL,,,s SV2F [14451],NOT GIVEN [14451],,,,,,,,,MANTLE XENOLITH,,,,HE3_HE4(R/R(A)) from ORTHOPYROXENE [14451],MINERAL / COMPONENT (INCL. GROUNDMASS) [14451] ,,,,,,,,,,,,,,,,,,,,,,,,,,,,,,,,,,,,,,,,,,,,,,,,,,,,,,,,,,,,,,,,,,,,,,,,,,,,,,,,,,,,,,,,,,,,,,,,,,,,,,,,,,,,,,,,,,,,,,,,,,,,,,,,,,,,,,,,,,,0.3,,,,,511876,
[14451],CONVERGENT MARGIN,SIKHOTE-ALIN-SAKHALIN ARC / SIKHOTE ALIN ARC / KHANKA MASSIF / PACIFIC OCEAN,SVEYAGA (SVEYAGIN),43,43,133,133,SUBAERIAL,,,s SV2F [14451],NOT GIVEN [14451],,,,,,,,,MANTLE XENOLITH,,,,HE3_HE4(R/R(A)) from CLINOPYROXENE [14451],MINERAL / COMPONENT (INCL. GROUNDMASS) [14451] ,,,,,,,,,,,,,,,,,,,,,,,,,,,,,,,,,,,,,,,,,,,,,,,,,,,,,,,,,,,,,,,,,,,,,,,,,,,,,,,,,,,,,,,,,,,,,,,,,,,,,,,,,,,,,,,,,,,,,,,,,,,,,,,,,,,,,,,,,,,0.22,,,,,511877,
[14451],CONVERGENT MARGIN,SIKHOTE-ALIN-SAKHALIN ARC / SIKHOTE ALIN ARC / SIKHOTE-ALIN BELT - CENOZOIC / PACIFIC OCEAN,FEVRALSKY,50,50,133,133,SUBAERIAL,,,s FEV-1 [14451],"LHERZOLITE, SPINEL, XENOLITH [14451]",,,,,,,,,MANTLE XENOLITH,,,,HE3_HE4(R/R(A)) from OLIVINE [14451],MINERAL / COMPONENT (INCL. GROUNDMASS) [14451] ,,,,,,,,,,,,,,,,,,,,,,,,,,,,,,,,,,,,,,,,,,,,,,,,,,,,,,,,,,,,,,,,,,,,,,,,,,,,,,,,,,,,,,,,,,,,,,,,,,,,,,,,,,,,,,,,,,,,,,,,,,,,,,,,,,,,,,,,,,,0.12,,,,,511878,
[14451],CONVERGENT MARGIN,SIKHOTE-ALIN-SAKHALIN ARC / SIKHOTE ALIN ARC / SIKHOTE-ALIN BELT - CENOZOIC / PACIFIC OCEAN,FEVRALSKY,50,50,133,133,SUBAERIAL,,,s FEV#-4 [14451],NOT GIVEN [14451],,,,,,,,,MANTLE XENOLITH,,,,HE3_HE4(R/R(A)) from OLIVINE [14451],MINERAL / COMPONENT (INCL. GROUNDMASS) [14451] ,,,,,,,,,,,,,,,,,,,,,,,,,,,,,,,,,,,,,,,,,,,,,,,,,,,,,,,,,,,,,,,,,,,,,,,,,,,,,,,,,,,,,,,,,,,,,,,,,,,,,,,,,,,,,,,,,,,,,,,,,,,,,,,,,,,,,,,,,,,4.6,,,,,511879,
[14451],CONVERGENT MARGIN,SIKHOTE-ALIN-SAKHALIN ARC / SIKHOTE ALIN ARC / SIKHOTE-ALIN BELT - CENOZOIC / PACIFIC OCEAN,FEVRALSKY,50,50,133,133,SUBAERIAL,,,s FEV-16 [14451],NOT GIVEN [14451],,,,,,,,,MANTLE XENOLITH,,,,HE3_HE4(R/R(A)) from OLIVINE [14451],MINERAL / COMPONENT (INCL. GROUNDMASS) [14451] ,,,,,,,,,,,,,,,,,,,,,,,,,,,,,,,,,,,,,,,,,,,,,,,,,,,,,,,,,,,,,,,,,,,,,,,,,,,,,,,,,,,,,,,,,,,,,,,,,,,,,,,,,,,,,,,,,,,,,,,,,,,,,,,,,,,,,,,,,,,0,,,,,511880,
[14451],CONVERGENT MARGIN,SIKHOTE-ALIN-SAKHALIN ARC / SIKHOTE ALIN ARC / SIKHOTE-ALIN BELT - CENOZOIC / PACIFIC OCEAN,BARHATNY,48,48,135,135,SUBAERIAL,,,s BA-1 [14451],"LHERZOLITE, SPINEL, XENOLITH [14451]",,,,,,,,,MANTLE XENOLITH,,,,HE3_HE4(R/R(A)) from OLIVINE [14451],MINERAL / COMPONENT (INCL. GROUNDMASS) [14451] ,,,,,,,,,,,,,,,,,,,,,,,,,,,,,,,,,,,,,,,,,,,,,,,,,,,,,,,,,,,,,,,,,,,,,,,,,,,,,,,,,,,,,,,,,,,,,,,,,,,,,,,,,,,,,,,,,,,,,,,,,,,,,,,,,,,,,,,,,,,8,,,,,511881,
[14451],CONVERGENT MARGIN,SIKHOTE-ALIN-SAKHALIN ARC / SIKHOTE ALIN ARC / SIKHOTE-ALIN BELT - CENOZOIC / PACIFIC OCEAN,BARHATNY,48,48,135,135,SUBAERIAL,,,s BA-2 [14451],NOT GIVEN [14451],,,,,,,,,MANTLE XENOLITH,,,,HE3_HE4(R/R(A)) from OLIVINE [14451],MINERAL / COMPONENT (INCL. GROUNDMASS) [14451] ,,,,,,,,,,,,,,,,,,,,,,,,,,,,,,,,,,,,,,,,,,,,,,,,,,,,,,,,,,,,,,,,,,,,,,,,,,,,,,,,,,,,,,,,,,,,,,,,,,,,,,,,,,,,,,,,,,,,,,,,,,,,,,,,,,,,,,,,,,,79,,,,,511882,
[14451],CONVERGENT MARGIN,SIKHOTE-ALIN-SAKHALIN ARC / SIKHOTE ALIN ARC / SIKHOTE-ALIN BELT - CENOZOIC / PACIFIC OCEAN,BARHATNY,48,48,135,135,SUBAERIAL,,,s BA-17 [14451],NOT GIVEN [14451],,,,,,,,,MANTLE XENOLITH,,,,HE3_HE4(R/R(A)) from OLIVINE [14451],MINERAL / COMPONENT (INCL. GROUNDMASS) [14451] ,,,,,,,,,,,,,,,,,,,,,,,,,,,,,,,,,,,,,,,,,,,,,,,,,,,,,,,,,,,,,,,,,,,,,,,,,,,,,,,,,,,,,,,,,,,,,,,,,,,,,,,,,,,,,,,,,,,,,,,,,,,,,,,,,,,,,,,,,,,0,,,,,511883,
[14451],CONVERGENT MARGIN,SIKHOTE-ALIN-SAKHALIN ARC / SIKHOTE ALIN ARC / SIKHOTE-ALIN BELT - CENOZOIC / PACIFIC OCEAN,BARHATNY,48,48,135,135,SUBAERIAL,,,s BA-18 [14451],NOT GIVEN [14451],,,,,,,,,MANTLE XENOLITH,,,,HE3_HE4(R/R(A)) from OLIVINE [14451],MINERAL / COMPONENT (INCL. GROUNDMASS) [14451] ,,,,,,,,,,,,,,,,,,,,,,,,,,,,,,,,,,,,,,,,,,,,,,,,,,,,,,,,,,,,,,,,,,,,,,,,,,,,,,,,,,,,,,,,,,,,,,,,,,,,,,,,,,,,,,,,,,,,,,,,,,,,,,,,,,,,,,,,,,,0,,,,,511884,
[14451],CONVERGENT MARGIN,SIKHOTE-ALIN-SAKHALIN ARC / SIKHOTE ALIN ARC / SIKHOTE-ALIN BELT - CENOZOIC / PACIFIC OCEAN,MUHEN,48,48,136,136,SUBAERIAL,,,s MU-2 [14451],"LHERZOLITE, SPINEL, XENOLITH [14451]",,,,,,,,,MANTLE XENOLITH,,,,HE3_HE4(R/R(A)) from OLIVINE [14451],MINERAL / COMPONENT (INCL. GROUNDMASS) [14451] ,,,,,,,,,,,,,,,,,,,,,,,,,,,,,,,,,,,,,,,,,,,,,,,,,,,,,,,,,,,,,,,,,,,,,,,,,,,,,,,,,,,,,,,,,,,,,,,,,,,,,,,,,,,,,,,,,,,,,,,,,,,,,,,,,,,,,,,,,,,0,,,,,511885,
[14451],CONVERGENT MARGIN,SIKHOTE-ALIN-SAKHALIN ARC / SIKHOTE ALIN ARC / SIKHOTE-ALIN BELT - CENOZOIC / PACIFIC OCEAN,STANOVOY,55,55,132,132,SUBAERIAL,,,s ST-5 [14451],NOT GIVEN [14451],,,,,,,,,MANTLE XENOLITH,,,,HE3_HE4(R/R(A)) from OLIVINE [14451],MINERAL / COMPONENT (INCL. GROUNDMASS) [14451] ,,,,,,,,,,,,,,,,,,,,,,,,,,,,,,,,,,,,,,,,,,,,,,,,,,,,,,,,,,,,,,,,,,,,,,,,,,,,,,,,,,,,,,,,,,,,,,,,,,,,,,,,,,,,,,,,,,,,,,,,,,,,,,,,,,,,,,,,,,,0,,,,,511886,
[14451],CONVERGENT MARGIN,SIKHOTE-ALIN-SAKHALIN ARC / SIKHOTE ALIN ARC / SIKHOTE-ALIN BELT - CENOZOIC / PACIFIC OCEAN,ENNOKENTIEV,50,50,135,135,SUBAERIAL,,,s EN-1 [14451],"LHERZOLITE, SPINEL, XENOLITH [14451]",,,,,,,,,MANTLE XENOLITH,,,,HE3_HE4(R/R(A)) from OLIVINE [14451],MINERAL / COMPONENT (INCL. GROUNDMASS) [14451] ,,,,,,,,,,,,,,,,,,,,,,,,,,,,,,,,,,,,,,,,,,,,,,,,,,,,,,,,,,,,,,,,,,,,,,,,,,,,,,,,,,,,,,,,,,,,,,,,,,,,,,,,,,,,,,,,,,,,,,,,,,,,,,,,,,,,,,,,,,,9.66,,,,,511888,
[14451],CONVERGENT MARGIN,SIKHOTE-ALIN-SAKHALIN ARC / SIKHOTE ALIN ARC / SIKHOTE-ALIN BELT - CENOZOIC / PACIFIC OCEAN,FEVRALSKY,50,50,133,133,SUBAERIAL,,,s FEV-1 [14451],"LHERZOLITE, SPINEL, XENOLITH [14451]",,,,,,,,,MANTLE XENOLITH,,,,HE3_HE4(R/R(A)) from OLIVINE [14451],MINERAL / COMPONENT (INCL. GROUNDMASS) [14451] ,,,,,,,,,,,,,,,,,,,,,,,,,,,,,,,,,,,,,,,,,,,,,,,,,,,,,,,,,,,,,,,,,,,,,,,,,,,,,,,,,,,,,,,,,,,,,,,,,,,,,,,,,,,,,,,,,,,,,,,,,,,,,,,,,,,,,,,,,,,0.69,,,,,511891,
[14451],CONVERGENT MARGIN,SIKHOTE-ALIN-SAKHALIN ARC / SIKHOTE ALIN ARC / SIKHOTE-ALIN BELT - CENOZOIC / PACIFIC OCEAN,BARHATNY,48,48,135,135,SUBAERIAL,,,s BA-1 [14451],"LHERZOLITE, SPINEL, XENOLITH [14451]",,,,,,,,,MANTLE XENOLITH,,,,HE3_HE4(R/R(A)) from OLIVINE [14451],MINERAL / COMPONENT (INCL. GROUNDMASS) [14451] ,,,,,,,,,,,,,,,,,,,,,,,,,,,,,,,,,,,,,,,,,,,,,,,,,,,,,,,,,,,,,,,,,,,,,,,,,,,,,,,,,,,,,,,,,,,,,,,,,,,,,,,,,,,,,,,,,,,,,,,,,,,,,,,,,,,,,,,,,,,1.012,,,,,511892,
[14451],CONVERGENT MARGIN,SIKHOTE-ALIN-SAKHALIN ARC / SIKHOTE ALIN ARC / SIKHOTE-ALIN BELT - CENOZOIC / PACIFIC OCEAN,MUHEN,48,48,136,136,SUBAERIAL,,,s MU-2 [14451],"LHERZOLITE, SPINEL, XENOLITH [14451]",,,,,,,,,MANTLE XENOLITH,,,,HE3_HE4(R/R(A)) from OLIVINE [14451],MINERAL / COMPONENT (INCL. GROUNDMASS) [14451] ,,,,,,,,,,,,,,,,,,,,,,,,,,,,,,,,,,,,,,,,,,,,,,,,,,,,,,,,,,,,,,,,,,,,,,,,,,,,,,,,,,,,,,,,,,,,,,,,,,,,,,,,,,,,,,,,,,,,,,,,,,,,,,,,,,,,,,,,,,,20.9,,,,,511893,
[14451],CONVERGENT MARGIN,SIKHOTE-ALIN-SAKHALIN ARC / SIKHOTE ALIN ARC / SIKHOTE-ALIN BELT - CENOZOIC / PACIFIC OCEAN,ENNOKENTIEV,50,50,135,135,SUBAERIAL,,,s EN2I [14451],"LHERZOLITE, SPINEL, XENOLITH [14451]",,,,,,,,,MANTLE XENOLITH,,,,HE3_HE4(R/R(A)) from OLIVINE [14451],MINERAL / COMPONENT (INCL. GROUNDMASS) [14451] ,,,,,,,,,,,,,,,,,,,,,,,,,,,,,,,,,,,,,,,,,,,,,,,,,,,,,,,,,,,,,,,,,,,,,,,,,,,,,,,,,,,,,,,,,,,,,,,,,,,,,,,,,,,,,,,,,,,,,,,,,,,,,,,,,,,,,,,,,,,2.25,,,,,511894,
[14451],CONVERGENT MARGIN,SIKHOTE-ALIN-SAKHALIN ARC / SIKHOTE ALIN ARC / SIKHOTE-ALIN BELT - CENOZOIC / PACIFIC OCEAN,ENNOKENTIEV,50,50,135,135,SUBAERIAL,,,s EN2I [14451],"LHERZOLITE, SPINEL, XENOLITH [14451]",,,,,,,,,MANTLE XENOLITH,,,,HE3_HE4(R/R(A)) from OLIVINE [14451],MINERAL / COMPONENT (INCL. GROUNDMASS) [14451] ,,,,,,,,,,,,,,,,,,,,,,,,,,,,,,,,,,,,,,,,,,,,,,,,,,,,,,,,,,,,,,,,,,,,,,,,,,,,,,,,,,,,,,,,,,,,,,,,,,,,,,,,,,,,,,,,,,,,,,,,,,,,,,,,,,,,,,,,,,,14.4,,,,,511895,
[14451],CONVERGENT MARGIN,SIKHOTE-ALIN-SAKHALIN ARC / SIKHOTE ALIN ARC / SIKHOTE-ALIN BELT - CENOZOIC / PACIFIC OCEAN,ENNOKENTIEV,50,50,135,135,SUBAERIAL,,,s EN2I [14451],"LHERZOLITE, SPINEL, XENOLITH [14451]",,,,,,,,,MANTLE XENOLITH,,,,HE3_HE4(R/R(A)) from OLIVINE [14451],MINERAL / COMPONENT (INCL. GROUNDMASS) [14451] ,,,,,,,,,,,,,,,,,,,,,,,,,,,,,,,,,,,,,,,,,,,,,,,,,,,,,,,,,,,,,,,,,,,,,,,,,,,,,,,,,,,,,,,,,,,,,,,,,,,,,,,,,,,,,,,,,,,,,,,,,,,,,,,,,,,,,,,,,,,0.601,,,,,511896,
[12684],CONVERGENT MARGIN,SIKHOTE-ALIN-SAKHALIN ARC / SIKHOTE ALIN ARC / SIKHOTE-ALIN BELT - CENOZOIC / PACIFIC OCEAN,"BARANOVSKII-RAZDOL^NENSKII AREA, SHUFAN PLATEAU",43.67,43.67,131.5,131.5,SUBAERIAL,,,s M-5671 [12684],BASALT [12684],,,,MIOCENE [12684],,,,,VOLCANIC ROCK,,,,,WHOLE_ROCK [12684] ,228856.17600000004,14384.159999999998,,69914.0571,,117988.78000000001,,,47456.079999999994,23759.775999999998,1471.4702,,13282.400000000001,20549.4389,2356.6734,,,,,,,,,,,,,,,,32300.,,,,,,,,,,,,,,,,,,,,,,,,,,,,16.3,,161,125,,,34,,,,,,,,,27,573,21,160,10.2,,,,,,,,,,,,0.61,437,21,49,6.5,30,7.08,2.52,7.61,1.3,4.89,0.88,2.1,0.27,2.05,0.27,5.23,0.73,,,,,,,,,3.52,,1.84,0.4,,,,,,,,,,,,,,,,,,,,,,,,,511897,
[12684],CONVERGENT MARGIN,SIKHOTE-ALIN-SAKHALIN ARC / SIKHOTE ALIN ARC / SIKHOTE-ALIN BELT - CENOZOIC / PACIFIC OCEAN,"BARANOVSKII-RAZDOL^NENSKII AREA, SHUFAN PLATEAU",43.67,43.67,131.5,131.5,SUBAERIAL,,,s M-5754 [12684],TRACHYANDESITE [12684],,,,MIOCENE [12684],,,,,VOLCANIC ROCK,,,,,WHOLE_ROCK [12684] ,280367.51300000004,8990.099999999999,,76794.3201,,32172.399999999998,30547.890000000003,,29302.699999999997,14834.784,464.6748,,30964.595,22107.3386,2443.9576,,,4500.,,,,,,,,,,,,,6500.,,,,,,,,,,,,,,,,,,,,,,,,,,,,7,,60,39,,,10,32,,,,,,,,55,444,17,259,16,,,,,,,,,,,,0.58,649,28,61,7.9,32.5,6.4,1.96,5.56,0.72,3.61,0.6,1.55,0.18,1.2,0.17,5.98,0.93,,,,,,,,,5.77,,2.84,0.57,,,,,,,,,,,,,,,,,,,,,,,,,511898,
[12684],CONVERGENT MARGIN,SIKHOTE-ALIN-SAKHALIN ARC / SIKHOTE ALIN ARC / SIKHOTE-ALIN BELT - CENOZOIC / OSTRAYA SOPKA / PACIFIC OCEAN,SHUFAN PLATEAU,43.67,43.67,131.5,131.5,SUBAERIAL,,,s M-5305 [12684],"BASALT, ORTHOPYROXENE [12684]",,,,MIOCENE [12684],,,,,VOLCANIC ROCK,,,,,WHOLE_ROCK [12684] ,250545.16000000003,11806.998,,83145.33210000001,,42453.58,27283.23,,54031.32,26533.760000000002,851.9038,,12286.22,20030.139,1963.8945,,,5000.,,,,,,,,,,,,,18200.,,,,,,,,,,,,,,,,,,,,,,,,,,,,14.7,,129,173,,,24,88,,,,,,,,22,338,20.7,163,9.8,,,,,,,,,,,,0.26,362,15.9,32,5.23,25.13,6.07,2.14,6.06,0.84,3.83,0.67,1.76,0.24,1.25,0.18,3.5,,,,,,,,,,3.15,,1.6,0.34,,,,0.70429,,,,,,,,,,,,,,,,,,,,,511899,
[12684],CONVERGENT MARGIN,SIKHOTE-ALIN-SAKHALIN ARC / SIKHOTE ALIN ARC / SIKHOTE-ALIN BELT - CENOZOIC / OSTRAYA SOPKA / PACIFIC OCEAN,SHUFAN PLATEAU,43.67,43.67,131.5,131.5,SUBAERIAL,,,s M-5306 [12684],"BASALT, 2-PYROXENE [12684]",,,,MIOCENE [12684],,,,,VOLCANIC ROCK,,,,,WHOLE_ROCK [12684] ,258585.04200000002,9050.034,,78593.7735,,17764.760000000002,55965.6,,53531.03,32443.551999999996,929.3496,,6558.185,21736.4101,1614.7576999999999,,,2000.,,,,,,,,,,,,,8100.000000000001,,,,,,,,,,,,,,,,,,,,,,,,,,,,15.8,,136,261,,,30,131,,,,,,,,10.6,656,19.14,114,6.04,,,,,,,,,,,,0.14,193,9.2,19.6,3.29,16.33,4.56,1.76,4.88,0.7,3.42,0.6,1.6,0.27,1.28,0.16,2.64,,,,,,,,,,2.68,,1.08,0.24,,,,,,,,,,,,,,,,,,,,,,,,,511900,
[12684],CONVERGENT MARGIN,SIKHOTE-ALIN-SAKHALIN ARC / SIKHOTE ALIN ARC / SIKHOTE-ALIN BELT - CENOZOIC / OSTRAYA SOPKA / PACIFIC OCEAN,SHUFAN PLATEAU,43.67,43.67,131.5,131.5,SUBAERIAL,,,s M-5381-1 [12684],"BASALT, OLIVINE [12684]",,,,MIOCENE [12684],,,,,VOLCANIC ROCK,,,,,WHOLE_ROCK [12684] ,244748.96600000001,7791.42,,83674.5831,,26996.84,63583.14,,54174.26,40041.85599999999,1161.687,,5977.08,21291.2959,872.8420000000001,,,2300.,,,,,,,,,,,,,9800.,,,,,,,,,,,,,,,,,,,,,,,,,,,,17.6,,171,238,,,36,162,,,,,,,,10.4,614,17.6,74,8.17,,,,,,,,,,,,0.23,153,7.8,15.9,2.61,12.8,3.83,1.46,3.92,0.63,2.89,0.51,1.54,0.23,1.2,0.17,1.72,,,,,,,,,,3.21,,1.18,0.28,,,,,,,,,,,,,,,,,,,,,,,,,511901,
[12684],CONVERGENT MARGIN,SIKHOTE-ALIN-SAKHALIN ARC / SIKHOTE ALIN ARC / SIKHOTE-ALIN BELT - CENOZOIC / OSTRAYA SOPKA / PACIFIC OCEAN,SHUFAN PLATEAU,43.67,43.67,131.5,131.5,SUBAERIAL,,,s M-5657 [12684],"BASALT, OLIVINE [12684]",,,,MIOCENE [12684],,,,,VOLCANIC ROCK,,,,,WHOLE_ROCK [12684] ,207354.16600000003,13784.819999999998,,78329.148,,41264.600000000006,46327.08,,63822.71,51620.224,1161.687,,11124.01,22552.4528,3142.2311999999997,,,10800.,,,,,,,,,,,,,26200.,,,,,,,,,,,,,,,,,,,,,,,,,,,,,,,,,,,,,,,,,,,,,,,,,,,,,,,,,,,,,,,,,,,,,,,,,,,,,,,,,,,,,,,,,,,,,,,,,,,,,,,,,,,,,,,,,511902,
[12684],CONVERGENT MARGIN,SIKHOTE-ALIN-SAKHALIN ARC / SIKHOTE ALIN ARC / SIKHOTE-ALIN BELT - CENOZOIC / PACIFIC OCEAN,"ANAN^EVO AREA, SHUFAN PLATEAU",43.67,43.67,131.5,131.5,SUBAERIAL,,,s M-5336 [12684],TRACHYANDESITE [12684],,,,MIOCENE [12684],,,,,VOLCANIC ROCK,,,,,WHOLE_ROCK [12684] ,268120.716,7431.816,,86056.21260000001,,17624.88,45782.969999999994,,42095.829999999994,19960.624,774.4580000000001,,15357.775000000001,29303.3515,1483.8314,,,4200.,,,,,,,,,,,,,7300.,,,,,,,,,,,,,,,,,,,,,,,,,,,,13,,108,130,,,28,84,,,,,,,,73,362,20,217,33.5,,,,,,,,,,,,0.93,450,27,56,2.8,23.5,5.3,0.75,4.86,,3.88,0.71,1.93,0.26,1.72,0.23,4.98,2.43,,,,,,,,,5.84,,6.32,1.24,,,,,,,,,,,,,,,,,,,,,,,,,511903,
[12684],CONVERGENT MARGIN,SIKHOTE-ALIN-SAKHALIN ARC / SIKHOTE ALIN ARC / SIKHOTE-ALIN BELT - CENOZOIC / GRYAZNYI / PACIFIC OCEAN,SHUFAN PLATEAU,43.67,43.67,131.5,131.5,SUBAERIAL,,,s M-5313 [12684],"BASALT, ALKALINE [12684]",,,,MIOCENE [12684],,,,,VOLCANIC ROCK,,,,,WHOLE_ROCK [12684] ,223901.36500000002,12885.81,,82086.8301,,32032.52,55343.76,,55746.6,48424.111999999994,1084.2412000000002,,11788.13,25519.8808,2356.6734,,,2800.0000000000005,,,,,,,,,,,,,7300.,,,,,,,,,,,,,,,,,,,,,,,,,,,,18.5,,176,239,,,39,151,,,,,,,,37,432,26,196,54,,,,,,,,,,,,0.7,764,35,65,8.6,35,7.8,2.62,7.69,1.04,4.82,0.82,2.25,0.32,1.75,0.24,3.88,,,,,,,,,,4.65,,,,,,,,,,,,,,,,,,,,,,,,,,,,511904,
[12684],CONVERGENT MARGIN,SIKHOTE-ALIN-SAKHALIN ARC / SIKHOTE ALIN ARC / SIKHOTE-ALIN BELT - CENOZOIC / KABANII / PACIFIC OCEAN,SHUFAN PLATEAU,43.67,43.67,131.5,131.5,SUBAERIAL,,,s M-5493 [12684],"BASALT, ALKALINE [12684]",,,,MIOCENE [12684],,,,,VOLCANIC ROCK,,,,,WHOLE_ROCK [12684] ,229417.098,12646.073999999999,,84468.4596,,30074.199999999997,38165.43,,42524.65,32081.728,1316.5786,,28557.16,21958.9672,5498.9046,,,15600.,,,,,,,,,,,,,26200.,,,,,,,,,,,,,,,,,,,,,,,,,,,,11.6,,113,213,,,25,119,,,,,,,,79,725,24,331,85,,,,,,,,,,,,1.01,1363,76,132,17,63,11.7,3.44,10.44,1.18,4.96,0.74,2.03,0.27,1.3,0.18,6.49,,,,,,,,,,6.77,,11.23,1.38,,,,0.70473,,,,,,,,,,,,,,,,,,,,,511905,
[12684],CONVERGENT MARGIN,SIKHOTE-ALIN-SAKHALIN ARC / SIKHOTE ALIN ARC / SIKHOTE-ALIN BELT - CENOZOIC / KABARGINSKII / PACIFIC OCEAN,SHUFAN PLATEAU,43.67,43.67,131.5,131.5,SUBAERIAL,,,s M-5345 [12684],"BASALT, ALKALINE [12684]",,,,MIOCENE [12684],,,,,VOLCANIC ROCK,,,,,WHOLE_ROCK [12684] ,228622.4585,11926.866,,80552.0022,,27976,33112.979999999996,,68754.14,36182.399999999994,1394.0244,,27643.995,24184.5382,4145.9995,,,8100.000000000001,,,,,,,,,,,,,16000.,,,,,,,,,,,,,,,,,,,,,,,,,,,,15,,142,180,,,34,138,,,,,,,,87,1036,19,300,75,,,,,,,,,,,,0.71,1232,65,124,13,51,9,2.75,7.33,0.98,4.29,0.7,1.95,0.2,1.23,0.17,6.42,4.3,,,,,,,,,5.01,,6.94,1.5,,,,0.7047,,,,,,,,,,,,,,,,,,,,,511906,
[12684],CONVERGENT MARGIN,SIKHOTE-ALIN-SAKHALIN ARC / SIKHOTE ALIN ARC / SIKHOTE-ALIN BELT - CENOZOIC / KABARGINSKII / PACIFIC OCEAN,SHUFAN PLATEAU,43.67,43.67,131.5,131.5,SUBAERIAL,,,s M-5018 [12684],"BASALT, ALKALINE [12684]",,,,MIOCENE [12684],,,,,VOLCANIC ROCK,,,,,WHOLE_ROCK [12684] ,223059.98200000002,11747.063999999998,,88490.7672,,6224.66,46871.19,,44025.520000000004,28101.664,1006.7954,,35613.435,32938.4508,4626.0626,,,3300.,,,,,,,,,,,,,52300.00000000001,,,,,,,,,,,,,,,,,,,,,,,,,,,,,,,,,,,,,,,,,,,,,,,,,,,,,,,,,,,,,,,,,,,,,,,,,,,,,,,,,,,,,,,,,,,,,,,,,,,,,,,,,,,,,,,,,511907,
[12684],CONVERGENT MARGIN,SIKHOTE-ALIN-SAKHALIN ARC / SIKHOTE ALIN ARC / SIKHOTE-ALIN BELT - CENOZOIC / SIN^GOVSKII / PACIFIC OCEAN,SHUFAN PLATEAU,43.67,43.67,131.5,131.5,SUBAERIAL,,,s M-5467 [12684],"BASALT, ALKALINE [12684]",,,,MIOCENE [12684],,,,,VOLCANIC ROCK,,,,,WHOLE_ROCK [12684] ,223994.852,11747.063999999998,,87326.41500000001,,36019.100000000006,41585.549999999996,,42739.060000000005,27076.496,1239.1328,,18014.255,37092.85,4058.7153000000003,,,12500.,,,,,,,,,,,,,26500.,,,,,,,,,,,,,,,,,,,,,,,,,,,,11,,147,51,,,36,76,,,,,,,,118,1275,22,409,118,,,,,,,,,,,,1.28,929,81,145,15,56,9.05,2.85,7.41,1.01,4.68,0.81,2.25,0.23,1.38,0.18,7.65,6.25,,,,,,,,,6.18,,10.68,2.14,,,,0.70429,,,,,,,,,,,,,,,,,,,,,511908,
[12684],CONVERGENT MARGIN,SIKHOTE-ALIN-SAKHALIN ARC / SIKHOTE ALIN ARC / SIKHOTE-ALIN BELT - CENOZOIC / SILL / PACIFIC OCEAN,SHUFAN PLATEAU,43.67,43.67,131.5,131.5,SUBAERIAL,,,s M-5138 [12684],"BASALT, ALKALINE [12684]",,,,MIOCENE [12684],,,,,VOLCANIC ROCK,,,,,WHOLE_ROCK [12684] ,230538.942,10308.648,,88384.917,,12239.5,50058.12,,43954.05,31719.903999999995,1161.687,,32707.91,26335.923499999997,4756.9889,,,11600.,,,,,,,,,,,,,23100.,,,,,,,,,,,,,,,,,,,,,,,,,,,,10.5,,110,62,,,16,73,,,,,,,,97,1202,18,364,100,,,,,,,,,,,,0.77,1378,108,187,15.4,63.8,10.4,2.99,9.24,1.11,5.52,0.84,1.89,0.23,0.83,0.12,7.42,7.44,,,,,,,,,4.75,,,2.16,,,,,,,,,,,,,,,,,,,,,,,,,511909,
[12684],CONVERGENT MARGIN,SIKHOTE-ALIN-SAKHALIN ARC / SIKHOTE ALIN ARC / SIKHOTE-ALIN BELT - CENOZOIC / PRIGOPUNKT / PACIFIC OCEAN,SHUFAN PLATEAU,43.67,43.67,131.5,131.5,SUBAERIAL,,,s M-5160 [12684],"BASALT, ALKALINE [12684]",,,,MIOCENE [12684],,,,,VOLCANIC ROCK,,,,,WHOLE_ROCK [12684] ,217824.71000000002,11806.998,,78858.399,,15246.920000000002,62184,,57176,53851.471999999994,2633.1572,,21334.855,25223.138,3753.2206,,,5500.,,,,,,,,,,,,,17000.,,,,,,,,,,,,,,,,,,,,,,,,,,,,19.4,,130,25,,,60,185,,,,,,,,33,611,15,173,42.6,,,,,,,,,,,,0.22,786,35.1,63.9,7.17,34.3,7,2.18,6.53,0.89,4.73,0.74,1.81,0.25,1.15,0.17,4.16,2.95,,,,,,,,,1.35,,,0.62,,,,,,,,,,,,,,,,,,,,,,,,,511910,
[12684],CONVERGENT MARGIN,SIKHOTE-ALIN-SAKHALIN ARC / SIKHOTE ALIN ARC / SIKHOTE-ALIN BELT - CENOZOIC / KOREISKII / PACIFIC OCEAN,SHUFAN PLATEAU,43.67,43.67,131.5,131.5,SUBAERIAL,,,s M-5220 [12684],"BASALT, ALKALINE [12684]",,,,MIOCENE [12684],,,,,VOLCANIC ROCK,,,,,WHOLE_ROCK [12684] ,227500.61450000003,12046.733999999999,,74148.0651,,23499.84,71200.68000000001,,54817.49,53369.03999999999,1626.3618,,14859.685,20623.6246,1920.2524,,,4600.,,,,,,,,,,,,,8600.,,,,,,,,,,,,,,,,,,,,,,,,,,,,,,170,350,,,60,260,,,,,,,,32,459,10.9,124,30,,,,,,,,,,,,0.29,699,28.2,50.4,5.98,28.8,5.87,1.95,5.7,0.77,3.95,0.65,1.42,,0.89,0.13,2.35,2.23,,,,,,,,,1.3,,,0.45,,,,,,,,,,,,,,,,,,,,,,,,,511911,
[12684],CONVERGENT MARGIN,SIKHOTE-ALIN-SAKHALIN ARC / SIKHOTE ALIN ARC / SIKHOTE-ALIN BELT - CENOZOIC / KHABE / PACIFIC OCEAN,SHUFAN PLATEAU,43.67,43.67,131.5,131.5,SUBAERIAL,,,s M-5200 [12684],"BASALT, ALKALINE [12684]",,,,MIOCENE [12684],,,,,VOLCANIC ROCK,,,,,WHOLE_ROCK [12684] ,215721.2525,11567.261999999999,,76953.0954,,31403.06,62961.299999999996,,59034.22,63198.592,1394.0244,,19176.465,21884.7815,2487.5996999999998,,,0,,,,,,,,,,,,,3500.,,,,,,,,,,,,,,,,,,,,,,,,,,,,17,,260,320,,,60,360,,,,,,,,40,434,12,109,24.4,,,,,,,,,,,,0.18,913,19.9,39.3,4.53,23.1,5.04,1.73,5.56,0.74,4.27,0.69,1.75,,1.15,0.16,2.95,1.7,,,,,,,,,0.82,,,0.6,,,,,,,,,,,,,,,,,,,,,,,,,511912,
[12684],CONVERGENT MARGIN,SIKHOTE-ALIN-SAKHALIN ARC / SIKHOTE ALIN ARC / SIKHOTE-ALIN BELT - CENOZOIC / KHABE / PACIFIC OCEAN,SHUFAN PLATEAU,43.67,43.67,131.5,131.5,SUBAERIAL,,,s M-5163 [12684],"BASALT, ALKALINE [12684]",,,,MIOCENE [12684],,,,,VOLCANIC ROCK,,,,,WHOLE_ROCK [12684] ,219413.989,11986.8,,71607.6603,,16715.66,55810.14,,63608.3,71641.152,2323.374,,15108.730000000001,20178.5104,2618.526,,,1000.,,,,,,,,,,,,,11600.,,,,,,,,,,,,,,,,,,,,,,,,,,,,,,,,,,,,,,,,,,,,,,,,,,,,,,,,,,,,,,,,,,,,,,,,,,,,,,,,,,,,,,,,,,,,,,,,,,,,,,,,,,,,,,,,,511913,
[12684],CONVERGENT MARGIN,SIKHOTE-ALIN-SAKHALIN ARC / SIKHOTE ALIN ARC / SIKHOTE-ALIN BELT - CENOZOIC / SUKHOI / PACIFIC OCEAN,SHUFAN PLATEAU,43.67,43.67,131.5,131.5,SUBAERIAL,,,s M-5648 [12684],"BASALT, ALKALINE [12684]",,,,MIOCENE [12684],,,,,VOLCANIC ROCK,,,,,WHOLE_ROCK [12684] ,219227.015,13724.885999999999,,78593.7735,,24828.699999999997,67158.72,,56818.65,34192.367999999995,1239.1328,,11207.025000000001,31603.1082,3971.4311000000002,,,6899.999999999999,,,,,,,,,,,,,22900.,,,,,,,,,,,,,,,,,,,,,,,,,,,,,,,,,,,,,,,,,,,,,,,,,,,,,,,,,,,,,,,,,,,,,,,,,,,,,,,,,,,,,,,,,,,,0.070471,,,,,,,,,,,,,,,,,,,,,511914,
[12684],CONVERGENT MARGIN,SIKHOTE-ALIN-SAKHALIN ARC / SIKHOTE ALIN ARC / SIKHOTE-ALIN BELT - CENOZOIC / BORISOVSKII / PACIFIC OCEAN,SHUFAN PLATEAU,43.67,43.67,131.5,131.5,SUBAERIAL,,,s M-5299 [12684],"BASALT, ALKALINE [12684]",,,,MIOCENE [12684],,,,,VOLCANIC ROCK,,,,,WHOLE_ROCK [12684] ,227360.38400000002,12466.271999999999,,80287.37670000001,,26087.62,65837.31000000001,,42596.12,34373.28,1161.687,,23410.23,20252.696099999997,3273.1575000000003,,,8700.,,,,,,,,,,,,,15300.,,,,,,,,,,,,,,,,,,,,,,,,,,,,,,,,,,,,,,,,,,,,,,,,,,,,,,,,,,,,,,,,,,,,,,,,,,,,,,,,,,,,,,,,,,,,0.70464,,,,,,,,,,,,,,,,,,,,,511915,
[12684],CONVERGENT MARGIN,SIKHOTE-ALIN-SAKHALIN ARC / SIKHOTE ALIN ARC / SIKHOTE-ALIN BELT - CENOZOIC / SEN^KINA SHAPKA / PACIFIC OCEAN,SHUFAN PLATEAU,43.67,43.67,131.5,131.5,SUBAERIAL,,,s M-5384 [12684],"BASALT, ALKALINE [12684]",,,,MIOCENE [12684],,,,,VOLCANIC ROCK,,,,,WHOLE_ROCK [12684] ,220115.14150000003,11327.525999999998,,78699.6237,,30983.42,55576.950000000004,,57247.47,53610.256,1084.2412000000002,,13531.445,21142.9245,2662.1681,,,1800.,,,,,,,,,,,,,17700.,,,,,,,,,,,,,,,,,,,,,,,,,,,,,,,,,,,,,,,,,,,,,,,,,,,,,,,,,,,,,,,,,,,,,,,,,,,,,,,,,,,,,,,,,,,,,,,,,,,,,,,,,,,,,,,,,511916,
[10368],CONVERGENT MARGIN,SIKHOTE-ALIN-SAKHALIN ARC / SIKHOTE ALIN ARC / SIKHOTE-ALIN BELT - MESOZOIC / PACIFIC OCEAN,NEZHDANKA RIVER,43.5,47,134,137,SUBAERIAL,,,s 71 [10368],"DOLERITE, ALKALINE [10368]",,,,MESOZOIC [10368],,,,,PLUTONIC ROCK,,,,,WHOLE_ROCK [10368] ,,,,,,,,,,,,,,,,,,,,,,,,,,,,,,,,,,,,,,,,,,,,,,,,,,,,,,,,,,,,,,,,,,,,,,,,,,92,560,,,,,,,,,,,,,,,,,,,,47,8,,,,,,,,,,,,,,,,,,,,,,,,0.512797,,,0.704769,,,,,,,,,,,,,,,,,,,,,511927,
[10368],CONVERGENT MARGIN,SIKHOTE-ALIN-SAKHALIN ARC / SIKHOTE ALIN ARC / SIKHOTE-ALIN BELT - MESOZOIC / PACIFIC OCEAN,VYSOKOGORSKAYA RIVER,43.5,47,134,137,SUBAERIAL,,,s 59 [10368],"DOLERITE, ALKALINE [10368]",,,,MESOZOIC [10368],,,,,PLUTONIC ROCK,,,,,WHOLE_ROCK [10368] ,,,,,,,,,,,,,,,,,,,,,,,,,,,,,,,,,,,,,,,,,,,,,,,,,,,,,,,,,,,,,,,,,,,,,,,,,,75,545,,,,,,,,,,,,,,,,,,,,40,8,,,,,,,,,,,,,,,,,,,,,,,,0.512756,,,0.706866,,,,,,,,,,,,,,,,,,,,,511928,
[10368],CONVERGENT MARGIN,SIKHOTE-ALIN-SAKHALIN ARC / SIKHOTE ALIN ARC / SIKHOTE-ALIN BELT - MESOZOIC / PACIFIC OCEAN,DAL^NEGORSK B DEPOSIT,43.5,47,134,137,SUBAERIAL,,,s 38 [10368],DOLERITE [10368],,,,MESOZOIC [10368],,,,,PLUTONIC ROCK,,,,,WHOLE_ROCK [10368] ,,,,,,,,,,,,,,,,,,,,,,,,,,,,,,,,,,,,,,,,,,,,,,,,,,,,,,,,,,,,,,,,,,,,,,,,,,210,730,,,,,,,,,,,,,,,,,,,,32,6,,,,,,,,,,,,,,,,,,,,,,,,0.512829,,,0.706102,,,,,,,,,,,,,,,,,,,,,511929,
[10368],CONVERGENT MARGIN,SIKHOTE-ALIN-SAKHALIN ARC / SIKHOTE ALIN ARC / SIKHOTE-ALIN BELT - MESOZOIC / PACIFIC OCEAN,DAL^NEGORSK B DEPOSIT,43.5,47,134,137,SUBAERIAL,,,s 89 [10368],SHONKINITE [10368],,,,MESOZOIC [10368],,,,TAXITIC [10368] ,VOLCANIC ROCK,,,,,WHOLE_ROCK [10368] ,,,,,,,,,,,,,,,,,,,,,,,,,,,,,,,,,,,,,,,,,,,,,,,,,,,,,,,,,,,,,,,,,,,,,,,,,,180,1000,,,,,,,,,,,,,,,,,,,,87,14,,,,,,,,,,,,,,,,,,,,,,,,0.512715,,,0.705798,,,,,,,,,,,,,,,,,,,,,511930,
[10368],CONVERGENT MARGIN,SIKHOTE-ALIN-SAKHALIN ARC / SIKHOTE ALIN ARC / SIKHOTE-ALIN BELT - MESOZOIC / PACIFIC OCEAN,"KLUBNYI SPRING, DAL^NEGORSK",43.5,47,134,137,SUBAERIAL,,,s 2427 [10368],TRACHYTE [10368],,,,MESOZOIC [10368],,,,,VOLCANIC ROCK,,,,,WHOLE_ROCK [10368] ,,,,,,,,,,,,,,,,,,,,,,,,,,,,,,,,,,,,,,,,,,,,,,,,,,,,,,,,,,,,,,,,,,,,,,,,,,25,1060,,,,,,,,,,,,,,,,,,,,80,10,,,,,,,,,,,,,,,,,,,,,,,,0.512771,,,0.705695,,,,,,,,,,,,,,,,,,,,,511931,
[10368],CONVERGENT MARGIN,SIKHOTE-ALIN-SAKHALIN ARC / SIKHOTE ALIN ARC / SIKHOTE-ALIN BELT - MESOZOIC / PACIFIC OCEAN,MALYSHEV CREEK VALLEY,43.5,47,134,137,SUBAERIAL,,,s 20 [10368],DOLERITE [10368],,,,MESOZOIC [10368],,,,,PLUTONIC ROCK,,,,,WHOLE_ROCK [10368] ,,,,,,,,,,,,,,,,,,,,,,,,,,,,,,,,,,,,,,,,,,,,,,,,,,,,,,,,,,,,,,,,,,,,,,,,,,14,463,,,,,,,,,,,,,,,,,,,,33,7,,,,,,,,,,,,,,,,,,,,,,,,0.512703,,,0.70564,,,,,,,,,,,,,,,,,,,,,511932,
[10368],CONVERGENT MARGIN,SIKHOTE-ALIN-SAKHALIN ARC / SIKHOTE ALIN ARC / SIKHOTE-ALIN BELT - MESOZOIC / PACIFIC OCEAN,MALYSHEV CREEK VALLEY,43.5,47,134,137,SUBAERIAL,,,s 29 [10368],DOLERITE [10368],,,,MESOZOIC [10368],,,,,PLUTONIC ROCK,,,,,WHOLE_ROCK [10368] ,,,,,,,,,,,,,,,,,,,,,,,,,,,,,,,,,,,,,,,,,,,,,,,,,,,,,,,,,,,,,,,,,,,,,,,,,,34,346,,,,,,,,,,,,,,,,,,,,17,4.3,,,,,,,,,,,,,,,,,,,,,,,,0.512753,,,0.706481,,,,,,,,,,,,,,,,,,,,,511933,
[10368],CONVERGENT MARGIN,SIKHOTE-ALIN-SAKHALIN ARC / SIKHOTE ALIN ARC / SIKHOTE-ALIN BELT - MESOZOIC / PACIFIC OCEAN,MT. SAKHARNAYA GOLOVA,43.5,47,134,137,SUBAERIAL,,,s 191 [10368],"BASALT, THOLEIITIC [10368]",,,,MESOZOIC [10368],,,,,VOLCANIC ROCK,,,,,WHOLE_ROCK [10368] ,,,,,,,,,,,,,,,,,,,,,,,,,,,,,,,,,,,,,,,,,,,,,,,,,,,,,,,,,,,,,,,,,,,,,,,,,,4.9,230,,,,,,,,,,,,,,,,,,,,9,2.8,,,,,,,,,,,,,,,,,,,,,,,,0.51282,,,0.705393,,,,,,,,,,,,,,,,,,,,,511934,
[10368],CONVERGENT MARGIN,SIKHOTE-ALIN-SAKHALIN ARC / SIKHOTE ALIN ARC / SIKHOTE-ALIN BELT - CENOZOIC / PACIFIC OCEAN,SVETLYI OTVOD SPRING,43.5,47,134,137,SUBAERIAL,,,s 308 [10368],"ANDESITE, HORNBLENDE [10368]",,,,PALEOGENE [10368],,,,,VOLCANIC ROCK,,,,,WHOLE_ROCK [10368] ,,,,,,,,,,,,,,,,,,,,,,,,,,,,,,,,,,,,,,,,,,,,,,,,,,,,,,,,,,,,,,,,,,,,,,,,,,22,770,,,,,,,,,,,,,,,,,,,,13,3,,,,,,,,,,,,,,,,,,,,,,,,0.512645,,,0.704875,,,,,,,,,,,,,,,,,,,,,511935,
[10368],CONVERGENT MARGIN,SIKHOTE-ALIN-SAKHALIN ARC / SIKHOTE ALIN ARC / SIKHOTE-ALIN BELT - CENOZOIC / PACIFIC OCEAN,VERKHNEE DEPOSIT,43.5,47,134,137,SUBAERIAL,,,s 1936 [10368],BASALT [10368],,,,PALEOGENE [10368],,,,,VOLCANIC ROCK,,,,,WHOLE_ROCK [10368] ,,,,,,,,,,,,,,,,,,,,,,,,,,,,,,,,,,,,,,,,,,,,,,,,,,,,,,,,,,,,,,,,,,,,,,,,,,26,750,,,,,,,,,,,,,,,,,,,,27,6,,,,,,,,,,,,,,,,,,,,,,,,0.512623,,,0.705594,,,,,,,,,,,,,,,,,,,,,511936,
[10368],CONVERGENT MARGIN,SIKHOTE-ALIN-SAKHALIN ARC / SIKHOTE ALIN ARC / SIKHOTE-ALIN BELT - CENOZOIC / PACIFIC OCEAN,DAL^NEGORSK B DEPOSIT,43.5,47,134,137,SUBAERIAL,,,s 438 [10368],TRACHYBASALT [10368],,,,PALEOGENE [10368],,,,,VOLCANIC ROCK,,,,,WHOLE_ROCK [10368] ,,,,,,,,,,,,,,,,,,,,,,,,,,,,,,,,,,,,,,,,,,,,,,,,,,,,,,,,,,,,,,,,,,,,,,,,,,33,1520,,,,,,,,,,,,,,,,,,,,20,5,,,,,,,,,,,,,,,,,,,,,,,,0.512663,,,0.705624,,,,,,,,,,,,,,,,,,,,,511937,
[10368],CONVERGENT MARGIN,SIKHOTE-ALIN-SAKHALIN ARC / SIKHOTE ALIN ARC / SIKHOTE-ALIN BELT - CENOZOIC / PACIFIC OCEAN,PLASTUN BAY,43.5,47,134,137,SUBAERIAL,,,s 385 [10368],"BASALT, PLAGIOCLASE [10368]",,,,PALEOGENE [10368],,,,,VOLCANIC ROCK,,,,,WHOLE_ROCK [10368] ,,,,,,,,,,,,,,,,,,,,,,,,,,,,,,,,,,,,,,,,,,,,,,,,,,,,,,,,,,,,,,,,,,,,,,,,,,7,560,,,,,,,,,,,,,,,,,,,,26,6,,,,,,,,,,,,,,,,,,,,,,,,0.512784,,,0.704476,,,,,,,,,,,,,,,,,,,,,511938,
[10368],CONVERGENT MARGIN,SIKHOTE-ALIN-SAKHALIN ARC / SIKHOTE ALIN ARC / SIKHOTE-ALIN BELT - CENOZOIC / PACIFIC OCEAN,MT. SAKHARNAYA GOLOVA,43.5,47,134,137,SUBAERIAL,,,s 73 [10368],GABBRO [10368],,,,PALEOGENE [10368],,,,,PLUTONIC ROCK,,,,,WHOLE_ROCK [10368] ,,,,,,,,,,,,,,,,,,,,,,,,,,,,,,,,,,,,,,,,,,,,,,,,,,,,,,,,,,,,,,,,,,,,,,,,,,5,609,,,,,,,,,,,,,,,,,,,,19,5,,,,,,,,,,,,,,,,,,,,,,,,0.512962,,,0.706516,,,,,,,,,,,,,,,,,,,,,511939,
[12540],CONVERGENT MARGIN,SIKHOTE-ALIN-SAKHALIN ARC / SIKHOTE ALIN ARC / SIKHOTE-ALIN BELT - CENOZOIC / PACIFIC OCEAN,SUCHANSK REGION,43.53,43.53,133,133,SUBAERIAL,,,s 1 [12540],NOT GIVEN [12540],,,,OLIGOCENE [12540],,,,,VOLCANIC ROCK,,,,,WHOLE_ROCK [12540] ,305889.46400000004,3416.2379999999994,,80287.37670000001,,35249.76,16867.41,,357.35,24423.12,1548.9160000000002,,36443.585,27745.4518,87.2842,,,,,,,,,,,,,,,,19000.,,,,,,,,,,,,,,,,,,,,,,,,,,,,,,,,,,,,,,,,,,,,,,,,,,,,,,,,,,,,,,,,,,,,,,,,,,,,,,,,,,,,,,,,,,,,,,,,,,,,,,,,,,,,,,,,,511940,
[12540],CONVERGENT MARGIN,SIKHOTE-ALIN-SAKHALIN ARC / SIKHOTE ALIN ARC / SIKHOTE-ALIN BELT - CENOZOIC / PACIFIC OCEAN,SUCHANSK REGION,43.53,43.53,133,133,SUBAERIAL,,,s 2 [12540],NOT GIVEN [12540],,,,OLIGOCENE [12540],,,,,VOLCANIC ROCK,,,,,WHOLE_ROCK [12540] ,310189.86600000004,3596.0399999999995,,81663.4293,,29514.679999999997,8550.300000000001,,8790.81,16523.296000000002,1084.2412000000002,,30881.58,27522.894699999997,43.6421,,,,,,,,,,,,,,,,17600.,,,,,,,,,,,,,,,,,,,,,,,,,,,,,,,,,,,,,,,,,,,,,,,,,,,,,,,,,,,,,,,,,,,,,,,,,,,,,,,,,,,,,,,,,,,,,,,,,,,,,,,,,,,,,,,,,511941,
[12540],CONVERGENT MARGIN,SIKHOTE-ALIN-SAKHALIN ARC / SIKHOTE ALIN ARC / SIKHOTE-ALIN BELT - CENOZOIC / BOGOPOLSK SERIES / PACIFIC OCEAN,,44.25,44.25,135.46,135.46,SUBAERIAL,,,s 3 [12540],NOT GIVEN [12540],,,,PALEOCENE [12540],,,,,VOLCANIC ROCK,,,,,WHOLE_ROCK [12540] ,347818.3835,1018.878,,71395.9599,,13428.48,4663.8,,2001.16,3738.848,387.22900000000004,,43997.95,3560.9136,436.42100000000005,,,,,,,,,,,,,,,,29500.,,,,,,,,,,,,,,,,,,,,,,,,,,,,,,,,,,,,,,,,,,,,,,,,,,,,,,,,,,,,,,,,,,,,,,,,,,,,,,,,,,,,,,,,,,,,,,,,,,,,,,,,,,,,,,,,,511942,
[9398],CONVERGENT MARGIN,SIKHOTE-ALIN-SAKHALIN ARC / SIKHOTE ALIN ARC / SIKHOTE-ALIN BELT - CENOZOIC / AMBA / PACIFIC OCEAN,,43.23,43.23,131.73,131.73,SUBAERIAL,,,s P-490/1 [9398],BASALT [9398],,,,CENOZOIC [9398],,,,,VOLCANIC ROCK,,,,,WHOLE_ROCK [9398] ,208289.03600000002,13185.48,,83674.5831,,17485.,57520.200000000004,,67896.5,54273.6,1394.0244,,5645.02,22478.267099999997,1832.9682,,,5100.,,,,,,,,,,,,,38300.,,,,,,,,,,,,,,,,,,,,,,,,,,,,,,140,210,,,46,160,,,,,,,,15,766,16,158,31,,,,,,,,,,,,,706,,,,,,,,,,,,,,,,6,,,,,,,,,,,,,,,,,,,,,,,,,,,,,,,,,,,,,511943,
[9398],CONVERGENT MARGIN,SIKHOTE-ALIN-SAKHALIN ARC / SIKHOTE ALIN ARC / SIKHOTE-ALIN BELT - CENOZOIC / AMBA / PACIFIC OCEAN,,43.23,43.23,131.73,131.73,SUBAERIAL,,,s P-491/1 [9398],BASALT [9398],,,,CENOZOIC [9398],,,,,VOLCANIC ROCK,,,,,WHOLE_ROCK [9398] ,206512.78300000002,13844.753999999999,,81345.8787,,60078.46,19587.96,,68396.79000000001,38775.471999999994,1471.4702,,5478.990000000001,21142.9245,1745.6840000000002,,,19900.,,,,,,,,,,,,,45100.,,,,,,,,,,,,,,,,,,,,,,,,,,,,,,150,190,,,44,160,,,,,,,,23,724,23,168,31,,,,,,,,,,,,,657,,,,,,,,,,,,,,,,5,,,,,,,,,,,,,,,,,,,,,,,,,,,,,,,,,,,,,511944,
[9398],CONVERGENT MARGIN,SIKHOTE-ALIN-SAKHALIN ARC / SIKHOTE ALIN ARC / SIKHOTE-ALIN BELT - CENOZOIC / AMBA / PACIFIC OCEAN,,43.23,43.23,131.73,131.73,SUBAERIAL,,,s P-492/3 [9398],BASALT [9398],,,,CENOZOIC [9398],,,,,VOLCANIC ROCK,,,,,WHOLE_ROCK [9398] ,202820.04650000003,13605.018,,81187.1034,,46859.8,28837.829999999998,,69611.78,56444.543999999994,1394.0244,,5728.035,17507.8252,1789.3261,,,8500.,,,,,,,,,,,,,45700.,,,,,,,,,,,,,,,,,,,,,,,,,,,,,,150,170,,,36,120,,,,,,,,15,821,29,165,36,,,,,,,,,,,,,781,,,,,,,,,,,,,,,7,6,,,,,,,,,,,,,,,,,,,,,,,,,,,,,,,,,,,,,511945,
[9398],CONVERGENT MARGIN,SIKHOTE-ALIN-SAKHALIN ARC / SIKHOTE ALIN ARC / SIKHOTE-ALIN BELT - CENOZOIC / AMBA / PACIFIC OCEAN,,43.23,43.23,131.73,131.73,SUBAERIAL,,,s P-494/6 [9398],BASALT [9398],,,,CENOZOIC [9398],,,,,VOLCANIC ROCK,,,,,WHOLE_ROCK [9398] ,205390.939,11806.998,,77799.897,,38536.939999999995,35367.15,,72542.05,44263.136,1084.2412000000002,,10459.89,24332.9096,1702.0419000000002,,,13899.999999999998,,,,,,,,,,,,,48800.,,,,,,,,,,,,,,,,,,,,,,,,,,,,,,120,170,,,28,120,,,,,,,,12,782,24,194,32,,,,,,,,,,,,,771,,,,,,,,,,,,,,,7,6,,,,,,,,,,,,,,,,,,,,,,,,,,,,,,,,,,,,,511946,
[9398],CONVERGENT MARGIN,SIKHOTE-ALIN-SAKHALIN ARC / SIKHOTE ALIN ARC / SIKHOTE-ALIN BELT - CENOZOIC / AMBA / PACIFIC OCEAN,,43.23,43.23,131.73,131.73,SUBAERIAL,,,s P-492/5 [9398],BASALT [9398],,,,CENOZOIC [9398],,,,,VOLCANIC ROCK,,,,,WHOLE_ROCK [9398] ,209270.64950000003,13005.677999999998,,83568.7329,,24339.12,48969.9,,69754.72,59761.263999999996,1239.1328,,8716.575,19436.6534,1702.0419000000002,,,3400.0000000000005,,,,,,,,,,,,,31100.,,,,,,,,,,,,,,,,,,,,,,,,,,,,,,236,217,,,49,167,,,,,,,,27,1085,25,180,39,,,,,,,,,,,,,528,25,53,6.7,25,4.9,1.92,5.2,0.7,4.4,0.9,2.1,0.33,1.8,0.26,4.1,2,,,,,,,,,2.2,,2.83,0.8,,,,,,,,,,,,,,,,,,,,,,,,,511947,
[9398],CONVERGENT MARGIN,SIKHOTE-ALIN-SAKHALIN ARC / SIKHOTE ALIN ARC / SIKHOTE-ALIN BELT - CENOZOIC / AMBA / PACIFIC OCEAN,,43.23,43.23,131.73,131.73,SUBAERIAL,,,s M-5407/1 [9398],BASALT [9398],,,,CENOZOIC [9398],,,,,VOLCANIC ROCK,,,,,WHOLE_ROCK [9398] ,217964.94050000003,13485.15,,94683.00390000001,,32801.86,39486.840000000004,,59605.979999999996,33830.544,1239.1328,,11871.144999999999,24926.3952,1920.2524,,,7000.,,,,,,,,,,,,,31200.,,,,,,,,,,,,,,,,,,,,,,,,,,,,,,130,66,,,23,65,,,,,,,,58,1303,34,225,38,,,,,,,,,,,,18.4,1084,68,118,16,70,12,3.4,10,1.3,6.8,1.3,3.65,0.48,2.47,0.41,5.6,2.7,,,,,,,,,4.2,,5.52,0.85,,,,,,,,,,,,,,,,,,,,,,,,,511948,
[9398],CONVERGENT MARGIN,SIKHOTE-ALIN-SAKHALIN ARC / SIKHOTE ALIN ARC / SIKHOTE-ALIN BELT - CENOZOIC / AMBA / PACIFIC OCEAN,,43.23,43.23,131.73,131.73,SUBAERIAL,,,s M-5539/2 [9398],CARBONATITE [9398],,,,CENOZOIC [9398],,,,,VOLCANIC ROCK,,,,,WHOLE_ROCK [9398] ,144577.6455,6772.541999999999,,66791.4762,,21261.760000000002,18188.82,,162379.84,27739.839999999997,3562.5068,,4648.84,6676.713,1003.7683000000001,,,17900.,,139500.,,,,,,,,,,,49100.,,,,,,,,,,,,,,,,,,,,,,,,,,,,,,,,,,,,,,,,,,,23,518,18,90,13,,,,,,,,,,,,5.31,527,19,30,39,18,3.3,1.13,3.7,0.56,3.23,0.6,2.12,0.26,1.42,0.21,2.7,5.31,,,,,,,,,4.5,,2.18,0.69,,,,,,,,,,,,,,,,,,,,,,,,,511949,
[9398],CONVERGENT MARGIN,SIKHOTE-ALIN-SAKHALIN ARC / SIKHOTE ALIN ARC / SIKHOTE-ALIN BELT - CENOZOIC / AMBA / PACIFIC OCEAN,,43.23,43.23,131.73,131.73,SUBAERIAL,,,s P-496/2 [9398],CARBONATITE [9398],,,,CENOZOIC [9398],,,,,VOLCANIC ROCK,,,,,WHOLE_ROCK [9398] ,155936.31600000002,7791.42,,61022.6403,,29164.98,14380.050000000001,,116424.62999999999,41067.024,1316.5786,,5312.96,7641.1271,1091.0525,,,26000.,,140700.,,,,,,,,,,,64600.,,,,,,,,,,,,,,,,,,,,,,,,,,,,,,110,69,,,28,100,,,,,,,,,,,,,,,,,,,,,,,,,,,,,,,,,,,,,,,,,,,,,,,,,,,,,,,,,,,,,,,,,,,,,,,,,,,,,,511950,
[9398],CONVERGENT MARGIN,SIKHOTE-ALIN-SAKHALIN ARC / SIKHOTE ALIN ARC / SIKHOTE-ALIN BELT - CENOZOIC / AMBA / PACIFIC OCEAN,,43.23,43.23,131.73,131.73,SUBAERIAL,,,s M-5537 [9398],CARBONATITE [9398],,,,CENOZOIC [9398],,,,,VOLCANIC ROCK,,,,,WHOLE_ROCK [9398] ,108959.09850000001,11267.591999999999,,61922.367,,18464.16,11814.960000000001,,198114.84,16643.904,2555.7114,,1245.225,6528.3416,,,,10300.,,209300.,,,,,,,,,,,47800.,,,,,,,,,,,,,,,,,,,,,,,,,,,,,,,,,,,,,,,,,,,,,,,,,,,,,,,,,,,,,,,,,,,,,,,,,,,,,,,,,,,,,,,,,,,,,,,,,,,,,,,,,,,,,,,,,511951,
[13647],CONVERGENT MARGIN,SIKHOTE-ALIN-SAKHALIN ARC / SIKHOTE ALIN ARC / SIKHOTE-ALIN BELT - MESOZOIC / PACIFIC OCEAN,TAUKHA,43.27,43.27,134.45,134.45,SUBAERIAL,,,s F05 [13647],BASALT [13647],,,,,,,,,VOLCANIC ROCK,,,,,WHOLE_ROCK [13647] ,209878.315,14204.358,,81292.9536,,,,100271.7,86764.58,30815.344,1432.7473,,5894.065,24703.8381,1920.2524,,,,,,,,,,,,,,,,12700.,,,,,,,,,,,,,,,,,,,,,,,,,,,,,,173.49,217.77,,,,161,,,,,,,,15.83,654.6,20.93,74.54,40.17,,,,,,,,,,,,,133.03,27.52,54.95,6.25,26.13,5.37,1.74,5.07,0.77,4.09,0.69,2.11,,1.46,0.22,3.58,2.75,,,,,,,,,,,2.39,0.66,,,,,,,,,,,,,,,,,,,,,,,,,512809,
[15163],CONVERGENT MARGIN,SIKHOTE-ALIN-SAKHALIN ARC / SIKHOTE ALIN ARC / SIKHOTE-ALIN BELT - CENOZOIC / PACIFIC OCEAN,SOVGAVAN PLATEAU,49,49,140.2,140.2,SUBAERIAL,,,s C9018 [15163],BASANITE [15163],,,,NEOGENE [15163],,,,,VOLCANIC ROCK,,,,,WHOLE_ROCK [15163] ,,,,,,,,,,,,,,,,,,,,,,,,,,,,,,,,,,,,,,,,,,,,,,,,,,,,,,,,,,,,,,,,,,,,,,,,,,76,931,,,,,,,,,,,,,,,,,,,,,,,,,,,,,,,,,,,,,,,,,,,,,,,,0.70356,,,,,,,,,,,,,,,,,,,,,517193,
[15163],CONVERGENT MARGIN,SIKHOTE-ALIN-SAKHALIN ARC / SIKHOTE ALIN ARC / SIKHOTE-ALIN BELT - CENOZOIC / PACIFIC OCEAN,SOVGAVAN PLATEAU,49,49,140.2,140.2,SUBAERIAL,,,s C9064 [15163],BASANITE [15163],,,,NEOGENE [15163],,,,,VOLCANIC ROCK,,,,,WHOLE_ROCK [15163] ,,,,,,,,,,,,,,,,,,,,,,,,,,,,,,,,,,,,,,,,,,,,,,,,,,,,,,,,,,,,,,,,,,,,,,,,,,49.3,930,,,,,,,,,,,,,,,,,,,,,,,,,,,,,,,,,,,,,,,,,,,,,,,,0.70348,,,,,,,,,,,,,,,,,,,,,517194,
[15163],CONVERGENT MARGIN,SIKHOTE-ALIN-SAKHALIN ARC / SIKHOTE ALIN ARC / SIKHOTE-ALIN BELT - CENOZOIC / PACIFIC OCEAN,SOVGAVAN PLATEAU,49,49,140.2,140.2,SUBAERIAL,,,s C8094 [15163],"BASALT, OLIVINE [15163]",,,,NEOGENE [15163],,,,,VOLCANIC ROCK,,,,,WHOLE_ROCK [15163] ,,,,,,,,,,,,,,,,,,,,,,,,,,,,,,,,,,,,,,,,,,,,,,,,,,,,,,,,,,,,,,,,,,,,,,,,,,32.05,696,,,,,,,,,,,,,,,,,,,,,,,,,,,,,,,,,,,,,,,,,,,,,,,,0.70456,,,,,,,,,,,,,,,,,,,,,517195,
[15163],CONVERGENT MARGIN,SIKHOTE-ALIN-SAKHALIN ARC / SIKHOTE ALIN ARC / SIKHOTE-ALIN BELT - CENOZOIC / PACIFIC OCEAN,SOVGAVAN PLATEAU,49,49,140.2,140.2,SUBAERIAL,,,s C9008 [15163],HAWAIITE [15163],,,,NEOGENE [15163],,,,,VOLCANIC ROCK,,,,,WHOLE_ROCK [15163] ,,,,,,,,,,,,,,,,,,,,,,,,,,,,,,,,,,,,,,,,,,,,,,,,,,,,,,,,,,,,,,,,,,,,,,,,,,33.2,647,,,,,,,,,,,,,,,,,,,,,,,,,,,,,,,,,,,,,,,,,,,,,,,,0.70383,,,,,,,,,,,,,,,,,,,,,517196,
[15163],CONVERGENT MARGIN,SIKHOTE-ALIN-SAKHALIN ARC / SIKHOTE ALIN ARC / SIKHOTE-ALIN BELT - CENOZOIC / PACIFIC OCEAN,SOVGAVAN PLATEAU,49,49,140.2,140.2,SUBAERIAL,,,s C9147 [15163],"BASALT, THOLEIITIC [15163]",,,,NEOGENE [15163],,,,,VOLCANIC ROCK,,,,,WHOLE_ROCK [15163] ,,,,,,,,,,,,,,,,,,,,,,,,,,,,,,,,,,,,,,,,,,,,,,,,,,,,,,,,,,,,,,,,,,,,,,,,,,6.07,421.7,,,,,,,,,,,,,,,,,,,,,,,,,,,,,,,,,,,,,,,,,,,,,,,,0.70366,,,,,,,,,,,,,,,,,,,,,517197,
[15163],CONVERGENT MARGIN,SIKHOTE-ALIN-SAKHALIN ARC / SIKHOTE ALIN ARC / SIKHOTE-ALIN BELT - CENOZOIC / PACIFIC OCEAN,SOVGAVAN PLATEAU,49,49,140.2,140.2,SUBAERIAL,,,s C8253 [15163],"BASALT, THOLEIITIC [15163]",,,,NEOGENE [15163],,,,,VOLCANIC ROCK,,,,,WHOLE_ROCK [15163] ,,,,,,,,,,,,,,,,,,,,,,,,,,,,,,,,,,,,,,,,,,,,,,,,,,,,,,,,,,,,,,,,,,,,,,,,,,22.2,600,,,,,,,,,,,,,,,,,,,,,,,,,,,,,,,,,,,,,,,,,,,,,,,,0.70395,,,,,,,,,,,,,,,,,,,,,517198,
[15163],CONVERGENT MARGIN,SIKHOTE-ALIN-SAKHALIN ARC / SIKHOTE ALIN ARC / SIKHOTE-ALIN BELT - CENOZOIC / PACIFIC OCEAN,SOVGAVAN PLATEAU,49,49,140.2,140.2,SUBAERIAL,,,s C8251 [15163],"BASALT, THOLEIITIC [15163]",,,,NEOGENE [15163],,,,,VOLCANIC ROCK,,,,,WHOLE_ROCK [15163] ,,,,,,,,,,,,,,,,,,,,,,,,,,,,,,,,,,,,,,,,,,,,,,,,,,,,,,,,,,,,,,,,,,,,,,,,,,24,708.8,,,,,,,,,,,,,,,,,,,,,,,,,,,,,,,,,,,,,,,,,,,,,,,,0.70374,,,,,,,,,,,,,,,,,,,,,517199,
[15163],CONVERGENT MARGIN,SIKHOTE-ALIN-SAKHALIN ARC / SIKHOTE ALIN ARC / SIKHOTE-ALIN BELT - CENOZOIC / PACIFIC OCEAN,SOVGAVAN PLATEAU,49,49,140.2,140.2,SUBAERIAL,,,s C8034 [15163],"ANDESITE, BASALTIC, THOLEIITIC [15163]",,,,NEOGENE [15163],,,,,VOLCANIC ROCK,,,,,WHOLE_ROCK [15163] ,,,,,,,,,,,,,,,,,,,,,,,,,,,,,,,,,,,,,,,,,,,,,,,,,,,,,,,,,,,,,,,,,,,,,,,,,,4.16,415.5,,,,,,,,,,,,,,,,,,,,,,,,,,,,,,,,,,,,,,,,,,,,,,,,0.70438,,,,,,,,,,,,,,,,,,,,,517200,
[15163],CONVERGENT MARGIN,SIKHOTE-ALIN-SAKHALIN ARC / SIKHOTE ALIN ARC / SIKHOTE-ALIN BELT - CENOZOIC / PACIFIC OCEAN,SOVGAVAN PLATEAU,49,49,140.2,140.2,SUBAERIAL,,,s C8030 [15163],"ANDESITE, BASALTIC, THOLEIITIC [15163]",,,,NEOGENE [15163],,,,,VOLCANIC ROCK,,,,,WHOLE_ROCK [15163] ,,,,,,,,,,,,,,,,,,,,,,,,,,,,,,,,,,,,,,,,,,,,,,,,,,,,,,,,,,,,,,,,,,,,,,,,,,2.1,405.9,,,,,,,,,,,,,,,,,,,,,,,,,,,,,,,,,,,,,,,,,,,,,,,,0.70428,,,,,,,,,,,,,,,,,,,,,517201,
[15155],CONVERGENT MARGIN,SIKHOTE-ALIN-SAKHALIN ARC / SIKHOTE ALIN ARC / SIKHOTE-ALIN BELT - CENOZOIC / PACIFIC OCEAN,SOVGAVAN PLATEAU,49,49,140.2,140.2,SUBAERIAL,,,s YUM-3013 [15155],BASALT [15155],,,UPPER [15155],CENOZOIC [15155],,,,,VOLCANIC ROCK,,,,,WHOLE_ROCK [15155] ,236194.90550000002,10308.648,,86214.9879,,41824.12,30392.43,,49385.770000000004,31358.079999999998,1006.7954,,20338.675000000003,23739.424,2749.4523,,,,,,,,,,,,,,,,12800.,,,,,,,,,,,,,,,,,,,,,,,,,,,,17.8,,,,,,,,,,,,,,,28.5,741,28.7,215,17.8,,,,,,,,,,,,,553,34.7,79.5,8.59,40.9,7.75,2.23,6.9,0.97,5.39,0.99,2.81,,2.48,0.36,,0.9,,,,,,,,,8.1,,4.18,0.8,,,,,,,,,,,,,,,,,,,,,,,,,517806,
[15155],CONVERGENT MARGIN,SIKHOTE-ALIN-SAKHALIN ARC / SIKHOTE ALIN ARC / SIKHOTE-ALIN BELT - CENOZOIC / SIZIMAN FORMATION / PACIFIC OCEAN,"NELMA PLATEAU, MOUTH OF LUDZA RIVER",47.5,47.5,139,139,SUBAERIAL,,,s YUS-913 [15155],BASALT [15155],,,UPPER [15155],CENOZOIC [15155],,,,,VOLCANIC ROCK,,,,,WHOLE_ROCK [15155] ,240682.28150000004,4914.588,,94524.2286,,41194.659999999996,18810.66,,55818.07,39438.816,1006.7954,,19093.449999999997,20697.8103,1658.3998000000001,5600.000000000001,,,,,,,,,,,,,,,8300.,,,,,,,,,,,,,,,,,,,,,,,,,,,,21.5,,,,,,,,,,,,,,,45.5,605,20.3,84,3.61,,,,,,,,,,,,,376,14.8,31,3.86,19.1,3.76,1.28,3.81,0.55,3.04,0.66,1.88,,1.97,0.32,2.11,0.2,,,,,,,,,5,,2.99,0.78,,,,,,,,,,,,,,,,,,,,,,,,,517807,
[15155],CONVERGENT MARGIN,SIKHOTE-ALIN-SAKHALIN ARC / SIKHOTE ALIN ARC / SIKHOTE-ALIN BELT - CENOZOIC / SIZIMAN FORMATION / PACIFIC OCEAN,"NELMA PLATEAU, MOUTH OF LUDZA RIVER",47.5,47.5,139,139,SUBAERIAL,,,s 2485/1 [15155],BASALT [15155],,,UPPER [15155],CENOZOIC [15155],,,,,VOLCANIC ROCK,,,,,WHOLE_ROCK [15155] ,228575.71500000003,10428.516,,77799.897,,45810.7,41041.44,,45883.74,54936.943999999996,1703.8076,,16104.91,28042.1946,1832.9682,1600.,,,,,,,,,,,,,,,7200.,,,,,,,,,,,,,,,,,,,,,,,,,,,,20.66,,,,,,,,,,,,,,,47.39,721.44,25.21,216.08,47.4,,,,,,,,,,,,0.31,661.92,30.27,59.08,7.02,34.28,7.82,2.52,6.93,0.98,4.95,0.87,2.13,,1.71,0.24,4.62,2.43,,,,,,,,,2.3,,3.69,0.78,,,,,,,,,,,,,,,,,,,,,,,,,517808,
[15155],CONVERGENT MARGIN,SIKHOTE-ALIN-SAKHALIN ARC / SIKHOTE ALIN ARC / SIKHOTE-ALIN BELT - CENOZOIC / SIZIMAN FORMATION / PACIFIC OCEAN,"NELMA PLATEAU, MOUTH OF LUDZA RIVER",47.5,47.5,139,139,SUBAERIAL,,,s YUS-4272 [15155],BASALT [15155],,,UPPER [15155],CENOZOIC [15155],,,,,VOLCANIC ROCK,,,,,WHOLE_ROCK [15155] ,237410.23650000003,12526.205999999998,,78117.4476,,57140.979999999996,24951.329999999998,,50958.11,41730.367999999995,1626.3618,,14610.64,27300.3376,3360.4417000000003,0,,,,,,,,,,,,,,,3800.,,,,,,,,,,,,,,,,,,,,,,,,,,,,20.31,,,,,,,,,,,,,,,42.11,673.06,24.13,182.88,44.68,,,,,,,,,,,,0.46,708.88,28.22,54.43,6.61,33.42,7.58,2.42,6.73,0.99,4.81,0.85,2.08,,1.52,0.2,4.16,2.36,,,,,,,,,3.08,,3.41,0.57,,,,,,,,,,,,,,,,,,,,,,,,,517809,
[15155],CONVERGENT MARGIN,SIKHOTE-ALIN-SAKHALIN ARC / SIKHOTE ALIN ARC / SIKHOTE-ALIN BELT - CENOZOIC / SIZIMAN FORMATION / PACIFIC OCEAN,"NELMA PLATEAU, MOUTH OF LUDZA RIVER",47.5,47.5,139,139,SUBAERIAL,,,s YUS-3193 [15155],BASALT [15155],,,UPPER [15155],CENOZOIC [15155],,,,,VOLCANIC ROCK,,,,,WHOLE_ROCK [15155] ,231567.29900000003,11387.46,,81504.65400000001,,51755.600000000006,19277.04,,58033.63999999999,50414.14399999999,1936.145,,7720.395,25964.995,2182.105,3000.,,,,,,,,,,,,,,,7900.,,,,,,,,,,,,,,,,,,,,,,,,,,,,21.19,,,,,,,,,,,,,,,39.41,592.75,22.15,159.68,35.88,,,,,,,,,,,,0.19,620.71,24.08,47.64,5.35,26.64,6.06,1.95,5.63,0.83,4.28,0.79,2,,1.48,0.22,3.68,1.96,,,,,,,,,4.8,,3.1,0.48,,,,,,,,,,,,,,,,,,,,,,,,,517810,
[15155],CONVERGENT MARGIN,SIKHOTE-ALIN-SAKHALIN ARC / SIKHOTE ALIN ARC / SIKHOTE-ALIN BELT - CENOZOIC / SIZIMAN FORMATION / PACIFIC OCEAN,"NELMA PLATEAU, MOUTH OF LUDZA RIVER",47.5,47.5,139,139,SUBAERIAL,,,s YUS-23 [15155],BASALT [15155],,,UPPER [15155],CENOZOIC [15155],,,,,VOLCANIC ROCK,,,,,WHOLE_ROCK [15155] ,242037.84300000002,10068.911999999998,,86850.0891,,8043.099999999999,61328.969999999994,,60106.270000000004,39499.119999999995,1626.3618,,5312.96,20252.696099999997,1571.1155999999999,800.,,,,,,,,,,,,,,,17500.,,,,,,,,,,,,,,,,,,,,,,,,,,,,21.97,,,,,,,,,,,,,,,17.84,476.55,21.34,128.98,12.09,,,,,,,,,,,,0.3,323.53,12.65,28.11,3.46,18.19,4.89,1.62,4.93,0.75,3.89,0.77,1.87,,1.6,0.23,2.97,0.72,,,,,,,,,1.66,,1.28,0.19,,,,,,,,,,,,,,,,,,,,,,,,,517811,
[15155],CONVERGENT MARGIN,SIKHOTE-ALIN-SAKHALIN ARC / SIKHOTE ALIN ARC / SIKHOTE-ALIN BELT - CENOZOIC / PACIFIC OCEAN,BIKIN PLATEAU,46.85,46.85,134.05,134.05,SUBAERIAL,,,s YUS-8836- 1 [15155],BASALT [15155],,,UPPER [15155],CENOZOIC [15155],,,,,VOLCANIC ROCK,,,,,WHOLE_ROCK [15155] ,232876.11700000003,10248.714,,86955.9393,,15316.859999999999,55421.49,,54746.020000000004,45288.304,1394.0244,,27394.949999999997,5860.6703,1789.3261,3200.,,,,,,,,,,,,,,,21000.,,,,,,,,,,,,,,,,,,,,,,,,,,,,21.42,,,,,,,,,,,,,,,22.32,508.65,25.95,154.38,23.74,,,,,,,,,,,,,312,18.9,39.7,5.63,25.48,6.22,2.14,6.3,0.93,4.96,0.88,2.15,,1.86,,3.77,1.26,,,,,,,,,2.42,,2.52,0.54,,,,,,,,,,,,,,,,,,,,,,,,,517812,
[15155],CONVERGENT MARGIN,SIKHOTE-ALIN-SAKHALIN ARC / SIKHOTE ALIN ARC / SIKHOTE-ALIN BELT - CENOZOIC / PACIFIC OCEAN,BIKIN PLATEAU,46.85,46.85,134.05,134.05,SUBAERIAL,,,s YUS-6466 [15155],BASALT [15155],,,UPPER [15155],CENOZOIC [15155],,,,,VOLCANIC ROCK,,,,,WHOLE_ROCK [15155] ,199454.51450000002,15283.169999999998,,73036.638,,62666.240000000005,21142.56,,68754.14,60786.43199999999,1394.0244,,24572.44,24703.8381,3578.6522,1700.0000000000002,,,,,,,,,,,,,,,18200.,,,,,,,,,,,,,,,,,,,,,,,,,,,,22.96,,,,,,,,,,,,,,,55.4,911.21,30.91,340.09,98.96,,,,,,,,,,,,0.73,592.53,52.4,111.39,10.2,44.48,8.48,2.71,7.92,1.15,5.63,1.03,2.64,,2.22,0.32,6.71,6.11,,,,,,,,,5.47,,7.12,1.89,,,,,,,,,,,,,,,,,,,,,,,,,517813,
[15155],CONVERGENT MARGIN,SIKHOTE-ALIN-SAKHALIN ARC / SIKHOTE ALIN ARC / SIKHOTE-ALIN BELT - CENOZOIC / PACIFIC OCEAN,BIKIN PLATEAU,46.85,46.85,134.05,134.05,SUBAERIAL,,,s YUS-4787 [15155],BASALT [15155],,,UPPER [15155],CENOZOIC [15155],,,,,VOLCANIC ROCK,,,,,WHOLE_ROCK [15155] ,193705.064,20976.899999999998,,72136.9113,,54972.840000000004,35833.530000000006,,71827.35,58555.184,1394.0244,,8135.47,19881.7676,3491.3680000000004,7600.,,,,,,,,,,,,,,,33300.,,,,,,,,,,,,,,,,,,,,,,,,,,,,27.26,,,,,,,,,,,,,,,45.36,881.72,30.7,338.87,80.79,,,,,,,,,,,,0.54,452.49,35.91,83.24,8.62,42.69,9.42,2.87,8.83,1.27,6.07,1.09,2.67,,2.13,0.28,7.24,5.4,,,,,,,,,2.66,,4.34,1.25,,,,,,,,,,,,,,,,,,,,,,,,,517814,
[15155],CONVERGENT MARGIN,SIKHOTE-ALIN-SAKHALIN ARC / SIKHOTE ALIN ARC / SIKHOTE-ALIN BELT - CENOZOIC / PACIFIC OCEAN,BIKIN PLATEAU,46.85,46.85,134.05,134.05,SUBAERIAL,,,s YUS-3848 [15155],BASALT [15155],,,UPPER [15155],CENOZOIC [15155],,,,,VOLCANIC ROCK,,,,,WHOLE_ROCK [15155] ,227033.17950000003,7851.354,,92354.2995,,31962.58,43839.719999999994,,63393.88999999999,40463.984,1239.1328,,6558.185,20252.696099999997,2051.1787,5300.,,,,,,,,,,,,,,,18000.,,,,,,,,,,,,,,,,,,,,,,,,,,,,32.61,,,,,,,,,,,,,,,16.75,488.39,26.87,144.29,8.23,,,,,,,,,,,,1.78,274.6,20.32,41.09,5.31,26.03,5.66,1.66,5.13,0.76,4.45,0.94,2.7,,2.49,0.36,3.15,0.46,,,,,,,,,3.9,,1.38,0.2,,,,,,,,,,,,,,,,,,,,,,,,,517815,
[15155],CONVERGENT MARGIN,SIKHOTE-ALIN-SAKHALIN ARC / SIKHOTE ALIN ARC / SIKHOTE-ALIN BELT - CENOZOIC / PACIFIC OCEAN,SHKOTOVO PLATEAU,43.33,43.33,132.36,132.36,SUBAERIAL,,,s CH-1435 [15155],BASALT [15155],,,UPPER [15155],CENOZOIC [15155],,,,,VOLCANIC ROCK,,,,,WHOLE_ROCK [15155] ,227640.84500000003,11747.063999999998,,80128.6014,,68261.44,9793.98,,60034.8,30332.912,1781.2534,,20172.645,26484.294899999997,4015.0732000000003,,,,,,,,,,,,,,,,20200.,,,,,,,,,,,,,,,,,,,,,,,,,,,,19.18,,,,,,,,,,,,,,,38.55,712.27,34.41,251.28,51.17,,,,,,,,,,,,0.17,678.47,48.03,80.44,10.35,48.42,9.44,2.95,8.74,1.27,6.27,1.14,2.88,,2.17,0.3,,3.02,,,,,,,,,3.04,,4.07,0.83,,,,,,,,,,,,,,,,,,,,,,,,,517816,
[15155],CONVERGENT MARGIN,SIKHOTE-ALIN-SAKHALIN ARC / SIKHOTE ALIN ARC / SIKHOTE-ALIN BELT - CENOZOIC / PACIFIC OCEAN,SHKOTOVO PLATEAU,43.33,43.33,132.36,132.36,SUBAERIAL,,,s SH 99-1 [15155],BASALT [15155],,,UPPER [15155],CENOZOIC [15155],,,,,VOLCANIC ROCK,,,,,WHOLE_ROCK [15155] ,232315.19500000004,13844.753999999999,,85368.1863,,29864.379999999997,54799.65,,56747.18,30755.039999999997,1084.2412000000002,,18761.39,24703.8381,3535.0101000000004,5600.000000000001,,,,,,,,,,,,,,,,,,,,,,,,,,,,,,,,,,,,,,,,,,,20.4,,,,,,,,,,,,,,,37.4,733,35.8,260,51.6,,,,,,,,,,,,0.17,663.2,44.12,96.9,10.38,41.8,7.9,2.56,7.88,1.08,5.65,1.02,2.57,,1.96,0.27,5.35,2.83,,,,,,,,,3.02,,3.89,0.75,,,,,,,,,,,,,,,,,,,,,,,,,517817,
[15155],CONVERGENT MARGIN,SIKHOTE-ALIN-SAKHALIN ARC / SIKHOTE ALIN ARC / SIKHOTE-ALIN BELT - CENOZOIC / PACIFIC OCEAN,SHKOTOVO PLATEAU,43.33,43.33,132.36,132.36,SUBAERIAL,,,s SH 99-2 [15155],BASALT [15155],,,UPPER [15155],CENOZOIC [15155],,,,,VOLCANIC ROCK,,,,,WHOLE_ROCK [15155] ,234371.909,12825.876,,88490.7672,,49937.159999999996,29848.32,,51744.28,22312.48,929.3496,,14444.61,31528.9225,2138.4629,17400.,,,,,,,,,,,,,,,,,,,,,,,,,,,,,,,,,,,,,,,,,,,17.4,,,,,,,,,,,,,,,28.2,544,26.5,192,33,,,,,,,,,,,,0.14,393.4,23.24,47.12,5.53,27.6,6.41,2.13,6.19,0.98,5.21,0.91,2.38,,1.93,0.29,4.48,2.11,,,,,,,,,1.81,,2.77,0.75,,,,,,,,,,,,,,,,,,,,,,,,,517818,
[15155],CONVERGENT MARGIN,SIKHOTE-ALIN-SAKHALIN ARC / SIKHOTE ALIN ARC / SIKHOTE-ALIN BELT - CENOZOIC / PACIFIC OCEAN,SHKOTOVO PLATEAU,43.33,43.33,132.36,132.36,SUBAERIAL,,,s SH 99-10 [15155],BASALT [15155],,,UPPER [15155],CENOZOIC [15155],,,,,VOLCANIC ROCK,,,,,WHOLE_ROCK [15155] ,241196.46000000002,10008.978,,78646.6986,,12449.32,65681.84999999999,,54388.670000000006,39016.687999999995,1239.1328,,11040.995,20623.6246,1265.6209,25000.,,,,,,,,,,,,,,,,,,,,,,,,,,,,,,,,,,,,,,,,,,,19.1,,,,,,,,,,,,,,,20.2,733,16.8,133,7.4,,,,,,,,,,,,0.24,402.9,14.49,32.63,4.96,21.7,4.92,1.78,4.68,0.64,3.25,0.54,1.34,,1.09,0.16,3.16,0.44,,,,,,,,,3.48,,1.48,0.28,,,,,,,,,,,,,,,,,,,,,,,,,517819,
[15155],CONVERGENT MARGIN,SIKHOTE-ALIN-SAKHALIN ARC / SIKHOTE ALIN ARC / SIKHOTE-ALIN BELT - CENOZOIC / PACIFIC OCEAN,SHKOTOVO PLATEAU,43.33,43.33,132.36,132.36,SUBAERIAL,,,s SH 99-11 [15155],BASALT [15155],,,UPPER [15155],CENOZOIC [15155],,,,,VOLCANIC ROCK,,,,,WHOLE_ROCK [15155] ,250545.16000000003,9469.572,,78064.5225,,22101.04,54177.81,,52030.16,37328.176,1239.1328,,7222.305,20846.1817,1047.4104,20400.,,,,,,,,,,,,,,,,,,,,,,,,,,,,,,,,,,,,,,,,,,,18.3,,,,,,,,,,,,,,,12.4,759,14.4,84,4.8,,,,,,,,,,,,0.17,217.4,8.71,19.22,4.18,16.5,4.23,1.69,4.3,0.68,2.96,0.59,1.27,,1.02,0.4,2.25,0.3,,,,,,,,,2.58,,1.02,0.21,,,,,,,,,,,,,,,,,,,,,,,,,517820,
[15155],CONVERGENT MARGIN,SIKHOTE-ALIN-SAKHALIN ARC / SIKHOTE ALIN ARC / SIKHOTE-ALIN BELT - CENOZOIC / PACIFIC OCEAN,SHKOTOVO PLATEAU,43.33,43.33,132.36,132.36,SUBAERIAL,,,s SH 99-9 [15155],BASALT [15155],,,UPPER [15155],CENOZOIC [15155],,,,,VOLCANIC ROCK,,,,,WHOLE_ROCK [15155] ,259426.42500000002,10188.779999999999,,78964.2492,,12029.68,54177.81,,52030.16,43057.056,851.9038,,4565.825000000001,20475.2532,741.9157,3900.,,,,,,,,,,,,,,,,,,,,,,,,,,,,,,,,,,,,,,,,,,,18.4,,,,,,,,,,,,,,,6.6,795,13.7,82,3.7,,,,,,,,,,,,0.08,198.8,7.59,18.72,3.2,16,4.28,1.75,3.86,0.52,2.74,0.49,1.18,,0.96,0.14,2.2,0.24,,,,,,,,,2.46,,1.08,0.19,,,,,,,,,,,,,,,,,,,,,,,,,517821,
[15155],CONVERGENT MARGIN,SIKHOTE-ALIN-SAKHALIN ARC / SIKHOTE ALIN ARC / SIKHOTE-ALIN BELT - CENOZOIC / PACIFIC OCEAN,SHUFAN PLATEAU,43.77,43.77,131.87,131.87,SUBAERIAL,,,s CH-1475 [15155],BASALT [15155],,,UPPER [15155],CENOZOIC [15155],,,,,VOLCANIC ROCK,,,,,WHOLE_ROCK [15155] ,215253.8175,11267.591999999999,,74941.9416,,52245.18,26739.12,,65609.45999999999,56685.76,2168.4824000000003,,19176.465,27374.523299999997,1789.3261,,,,,,,,,,,,,,,,13300.,,,,,,,,,,,,,,,,,,,,,,,,,,,,23.08,,,,,,,,,,,,,,,39.64,710.87,22.63,183.4,42.92,,,,,,,,,,,,0.39,667.59,34.19,66.02,7.5,33.63,6.66,2.11,5.78,0.89,4.43,0.79,2.07,,1.59,0.23,,2.68,,,,,,,,,3.13,,4.52,1,,,,,,,,,,,,,,,,,,,,,,,,,517822,
[15155],CONVERGENT MARGIN,SIKHOTE-ALIN-SAKHALIN ARC / SIKHOTE ALIN ARC / SIKHOTE-ALIN BELT - CENOZOIC / PACIFIC OCEAN,SHUFAN PLATEAU,43.77,43.77,131.87,131.87,SUBAERIAL,,,s SH 99-26 [15155],BASALT [15155],,,UPPER [15155],CENOZOIC [15155],,,,,VOLCANIC ROCK,,,,,WHOLE_ROCK [15155] ,225771.105,12825.876,,77217.7209,,12449.32,79673.25,,85335.18,44926.479999999996,1161.687,,15855.865,20846.1817,2662.1681,4000.,,,,,,,,,,,,,,,,,,,,,,,,,,,,,,,,,,,,,,,,,,,24.8,,,,,,,,,,,,,,,45.7,698,23.3,189,46.2,,,,,,,,,,,,0.53,612.4,32.79,64.78,8.02,31.5,6.55,2.09,6.01,0.85,4.3,0.75,2.04,,1.62,0.23,4.07,2.6,,,,,,,,,3.04,,4.05,0.85,,,,,,,,,,,,,,,,,,,,,,,,,517823,
[15155],CONVERGENT MARGIN,SIKHOTE-ALIN-SAKHALIN ARC / SIKHOTE ALIN ARC / SIKHOTE-ALIN BELT - CENOZOIC / PACIFIC OCEAN,SHUFAN PLATEAU,43.77,43.77,131.87,131.87,SUBAERIAL,,,s SH 99-22 [15155],BASALT [15155],,,UPPER [15155],CENOZOIC [15155],,,,,VOLCANIC ROCK,,,,,WHOLE_ROCK [15155] ,251480.03,9409.637999999999,,79281.79980000001,,27906.06,50369.04,,49600.18,37026.655999999995,1006.7954,,10293.86,27893.8232,1527.4734999999998,3600.,,,,,,,,,,,,,,,,,,,,,,,,,,,,,,,,,,,,,,,,,,,19.9,,,,,,,,,,,,,,,25.8,384,25.2,145,22.4,,,,,,,,,,,,0.42,315.9,17.72,36.11,4.88,21.1,5.42,1.85,5.9,0.84,4.62,0.86,2.29,,1.86,0.29,3.4,1.36,,,,,,,,,2.72,,3.74,0.78,,,,,,,,,,,,,,,,,,,,,,,,,517824,
[15155],CONVERGENT MARGIN,SIKHOTE-ALIN-SAKHALIN ARC / SIKHOTE ALIN ARC / SIKHOTE-ALIN BELT - CENOZOIC / PACIFIC OCEAN,SHUFAN PLATEAU,43.77,43.77,131.87,131.87,SUBAERIAL,,,s CH-1472 [15155],BASALT [15155],,,UPPER [15155],CENOZOIC [15155],,,,,VOLCANIC ROCK,,,,,WHOLE_ROCK [15155] ,251293.056,9949.043999999998,,79440.5751,,27556.36,50135.85,,54102.79,39378.512,929.3496,,6392.155,22552.4528,1134.6946,,,,,,,,,,,,,,,,4000.,,,,,,,,,,,,,,,,,,,,,,,,,,,,18.21,,,,,,,,,,,,,,,12.15,442.82,17.47,98.56,6.38,,,,,,,,,,,,0.16,175.97,7.58,18.02,2.58,14.09,4.03,1.48,4.23,0.64,3.28,0.61,1.74,,1.33,0.17,,0.41,,,,,,,,,1.71,,0.83,0.23,,,,,,,,,,,,,,,,,,,,,,,,,517825,
[15155],CONVERGENT MARGIN,SIKHOTE-ALIN-SAKHALIN ARC / SIKHOTE ALIN ARC / SIKHOTE-ALIN BELT - CENOZOIC / PACIFIC OCEAN,SHUFAN PLATEAU,43.77,43.77,131.87,131.87,SUBAERIAL,,,s SH 99-17 [15155],BASALT [15155],,,UPPER [15155],CENOZOIC [15155],,,,,VOLCANIC ROCK,,,,,WHOLE_ROCK [15155] ,254237.89650000003,9289.77,,78329.148,,28115.879999999997,54721.92,,55174.84,36845.744,929.3496,,3652.66,23516.866899999997,960.1262,3900.,,,,,,,,,,,,,,,,,,,,,,,,,,,,,,,,,,,,,,,,,,,21.2,,,,,,,,,,,,,,,7.8,364,21.3,86,4.1,,,,,,,,,,,,0.09,127.5,5.39,13.26,2.39,12.9,4.25,1.62,4.7,0.67,3.7,0.68,1.7,,1.41,0.2,2.26,0.24,,,,,,,,,1.51,,0.52,0.11,,,,,,,,,,,,,,,,,,,,,,,,,517826,
[15155],CONVERGENT MARGIN,SIKHOTE-ALIN-SAKHALIN ARC / SIKHOTE ALIN ARC / SIKHOTE-ALIN BELT - CENOZOIC / PACIFIC OCEAN,"SEASIDE EXPOSURES NEAR CAPE POVOROTNYI, NEAR NAKHODKA",42.83,42.83,132.89,132.89,SUBAERIAL,,,s YUM 3048 [15155],BASALT [15155],,,UPPER [15155],CENOZOIC [15155],,,,,VOLCANIC ROCK,,,,,WHOLE_ROCK [15155] ,227407.1275,13485.15,,86479.6134,,35249.76,54877.38,,61035.38,34554.192,1239.1328,,12784.31,22552.4528,1920.2524,8500.,,,,,,,,,,,,,,,6800.000000000001,,,,,,,,,,,,,,,,,,,,,,,,,,,,24.57,,,,,,,,,,,,,,,23.16,361.89,32.13,170.48,26.71,,,,,,,,,,,,0.11,425.36,22.46,50.35,5.63,26.79,6.44,2.05,6.87,1.05,6.04,1.22,3.2,,3.06,,4.21,1.81,,,,,,,,,2.67,,2.76,0.47,,,,,,,,,,,,,,,,,,,,,,,,,517827,
[15155],CONVERGENT MARGIN,SIKHOTE-ALIN-SAKHALIN ARC / SIKHOTE ALIN ARC / SIKHOTE-ALIN BELT - CENOZOIC / PACIFIC OCEAN,"SEASIDE EXPOSURES NEAR CAPE POVOROTNYI, NEAR NAKHODKA",42.83,42.83,132.89,132.89,SUBAERIAL,,,s YUM 3040 [15155],BASALT [15155],,,UPPER [15155],CENOZOIC [15155],,,,,VOLCANIC ROCK,,,,,WHOLE_ROCK [15155] ,224649.26100000003,15223.235999999999,,82298.53050000001,,35039.939999999995,59541.18,,57461.88,37267.871999999996,1161.687,,9878.785,21810.5958,2313.0313,10100.,,,,,,,,,,,,,,,8400.,,,,,,,,,,,,,,,,,,,,,,,,,,,,25.96,,,,,,,,,,,,,,,14.72,328.08,39.14,210.37,28.47,,,,,,,,,,,,0.13,467.27,23.85,54.36,6.06,28.8,7.02,2.16,7.84,1.18,6.92,1.38,3.57,,3.32,,4.71,1.79,,,,,,,,,3.1,,3.23,0.33,,,,,,,,,,,,,,,,,,,,,,,,,517828,
[15155],CONVERGENT MARGIN,SIKHOTE-ALIN-SAKHALIN ARC / SIKHOTE ALIN ARC / SIKHOTE-ALIN BELT - CENOZOIC / PACIFIC OCEAN,"SEASIDE EXPOSURES NEAR CAPE POVOROTNYI, NEAR NAKHODKA",42.83,42.83,132.89,132.89,SUBAERIAL,,,s YUM 3044 [15155],BASALT [15155],,,UPPER [15155],CENOZOIC [15155],,,,,VOLCANIC ROCK,,,,,WHOLE_ROCK [15155] ,224836.23500000002,12046.733999999999,,81187.1034,,37208.08,51923.64,,58533.92999999999,44082.223999999995,1239.1328,,7803.41,19510.839099999997,1527.4734999999998,11600.,,,,,,,,,,,,,,,15900.,,,,,,,,,,,,,,,,,,,,,,,,,,,,23.69,,,,,,,,,,,,,,,9.5,333,25.92,124.57,18.34,,,,,,,,,,,,0.03,363.44,15.73,36.81,4.13,20.05,5.04,1.82,5.62,0.85,4.98,1.02,2.59,,2.43,,3.13,1.24,,,,,,,,,1.83,,1.83,0.19,,,,,,,,,,,,,,,,,,,,,,,,,517829,
[15155],CONVERGENT MARGIN,SIKHOTE-ALIN-SAKHALIN ARC / SIKHOTE ALIN ARC / SIKHOTE-ALIN BELT - CENOZOIC / PACIFIC OCEAN,"SEASIDE EXPOSURES NEAR CAPE POVOROTNYI, NEAR NAKHODKA",42.83,42.83,132.89,132.89,SUBAERIAL,,,s YUM 3049 [15155],BASALT [15155],,,UPPER [15155],CENOZOIC [15155],,,,,VOLCANIC ROCK,,,,,WHOLE_ROCK [15155] ,216188.68750000003,34282.248,,70866.70890000001,,46440.159999999996,55266.030000000006,,56747.18,40765.50399999999,1394.0244,,6392.155,20104.324699999997,2094.8208,8600.,,,,,,,,,,,,,,,15100.,,,,,,,,,,,,,,,,,,,,,,,,,,,,24.34,,,,,,,,,,,,,,,3.52,303.67,36.84,206.36,22.86,,,,,,,,,,,,0,395.54,23.73,51.66,6.15,29.92,7.49,2.24,8.19,1.26,7.5,1.47,3.77,,3.57,,5.06,1.52,,,,,,,,,3.74,,3.12,0.17,,,,,,,,,,,,,,,,,,,,,,,,,517830,
[15155],CONVERGENT MARGIN,SIKHOTE-ALIN-SAKHALIN ARC / SIKHOTE ALIN ARC / SIKHOTE-ALIN BELT - CENOZOIC / PACIFIC OCEAN,"SEASIDE EXPOSURES NEAR CAPE POVOROTNYI, NEAR NAKHODKA",42.83,42.83,132.89,132.89,SUBAERIAL,,,s YUM 3037 [15155],BASALT [15155],,,UPPER [15155],CENOZOIC [15155],,,,,VOLCANIC ROCK,,,,,WHOLE_ROCK [15155] ,225116.696,7851.354,,81451.7289,,37068.2,41741.01,,61392.729999999996,49811.10399999999,1161.687,,1992.36,17656.1966,960.1262,23100.,,,,,,,,,,,,,,,25500.,,,,,,,,,,,,,,,,,,,,,,,,,,,,23.19,,,,,,,,,,,,,,,1.4,244.77,21.01,75.48,6.85,,,,,,,,,,,,0.03,157.19,8.82,20.28,2.32,11.54,3.13,1.17,3.79,0.6,3.64,0.74,1.97,,1.92,,2.04,0.49,,,,,,,,,2.48,,1.37,0.15,,,,,,,,,,,,,,,,,,,,,,,,,517831,
[15293],CONVERGENT MARGIN,SIKHOTE-ALIN-SAKHALIN ARC / SIKHOTE ALIN ARC / EASTERN SIKHOTE-ALIN BELT - CRETACEOUS-PALEOGENE / PACIFIC OCEAN,KEMA TERRANE,45.67,45.9,136.68,136.83,SUBAERIAL,,,s KM-503 [15293],BASALT [15293],,,LOWER [15293],CRETACEOUS [15293],,,,,VOLCANIC ROCK,,,,,WHOLE_ROCK [15293] ,216889.84,5573.862,,79916.901,,14337.699999999999,44617.020000000004,,60177.74,53369.03999999999,1161.687,,12452.25,20771.996,1396.5472,,,2100.,,,,,,,,,,,,,71100.,,,,,,,,,,,,,,,,,,,,,,,,,,,,49.1,,150,170,,,24,130,118,131,8,,,,,60.7,997,30.9,102,10.8,1.6,,,,1.6,,,4,,,,,2121,22.4,51.8,6.96,29.1,6.83,2.2,7.53,1.02,5.57,1.21,3.17,0.57,3.45,0.52,2.94,0.61,0.25,,,,,,,,32.1,,6.88,1.72,,,,,,,,,,,,,,,,,,,,,,,,,518099,
[15293],CONVERGENT MARGIN,SIKHOTE-ALIN-SAKHALIN ARC / SIKHOTE ALIN ARC / EASTERN SIKHOTE-ALIN BELT - CRETACEOUS-PALEOGENE / PACIFIC OCEAN,KEMA TERRANE,45.67,45.9,136.68,136.83,SUBAERIAL,,,s KM-507 [15293],BASALT [15293],,,LOWER [15293],CRETACEOUS [15293],,,,,VOLCANIC ROCK,,,,,WHOLE_ROCK [15293] ,209410.88,6592.74,,82563.156,,24479.,41741.01,,78617,41730.367999999995,1161.687,,16603.,13353.426,1702.0419000000002,,,13600.000000000002,,,,,,,,,,,,,56500.,,,,,,,,,,,,,,,,,,,,,,,,,,,,24.8,,170,210,,,34,150,55.6,63.2,12,,,,,59.7,575,20,88.6,45.1,2.5,,,,0.11,,,3,,,,,657,26.3,47.3,5.23,22.4,4.25,1.31,4.15,0.63,3.45,0.69,1.9,0.31,1.99,0.29,2.32,2.86,0.07,,,,,,,,9.6,,4.39,1.1,,,,,,,,,,,,,,,,,,,,,,,,,518100,
