Citations,Tectonic Setting,Location,Location Comment,Latitude (Min),Latitude (Max),Longitude (Min),Longitude (Max),Land or Sea,Elevation (Min),Elevation (Max),Sample Name,Rock Name,"Age (a, Min)","Age (a, Max)",Geol,Age,Eruption Day,Eruption Month,Eruption Year,Rock Texture,Rock Type,Drill Depth (Min),Drill Depth (Max),Alteration,Mineral,Material,Si,Ti,B,Al,Cr,Fe3+,Fe2+,Fetot(2+),Ca,Mg,Mn,Ni,K,Na,P,H2O,H2OP,H2OM,H2Otot,CO2,CO,F,Cl,Cl2,OH,CH4,SO2,SO3,SO4,S,LOI,Volatiles,O,Others,HE(CCM/G),HE(CCMSTP/G),HE3(CCMSTP/G),HE3(AT/G),HE4(CCM/G),HE4(CCMSTP/G),HE4(AT/G),HE4(MOLE/G),HE4(NCC/G),HE(NCC/G),Li,Be,B,C,CO2,F,Na,Mg,Al,P,S,Cl,K,Ca,Sc,Ti,V,Cr,Mn,Fe,Co,Ni,Cu,Zn,Ga,Ge,As,Se,Br,Rb,Sr,Y,Zr,Nb,Mo,Ru,Rh,Pd,Ag,Cd,In,Sn,Sb,Te,I,Cs,Ba,La,Ce,Pr,Nd,Sm,Eu,Gd,Tb,Dy,Ho,Er,Tm,Yb,Lu,Hf,Ta,W,Re,Os,Ir,Pt,Au,Hg,Tl,Pb,Bi,Th,U,Nd143/Nd144,Nd143/Nd144 initial,e Nd,Sr87/Sr86,SR87_SR86_INI,PB206_PB204,PB206_PB204_INI,PB207_PB204,PB207_PB204_INI,PB208_PB204,PB208_PB204_INI,OS184_OS188,OS186_OS188,OS187_OS186,OS187_OS188,RE187_OS186,RE187_OS188,HF176_HF177,HE3_HE4,HE3_HE4(R/R(A)),HE4_HE3,HE4_HE3(R/R(A)),K40_AR40,AR40_K40,Unique Id,
[4941],CONVERGENT MARGIN,SULAWESI ARC / SULAWESI ARC / SULAWESI / ULUBILA / PACIFIC OCEAN,,-5,-5,120,120,SUBAERIAL,,,s B350 [4941],NOT GIVEN [4941],,,,,,,,"MICROCRYSTALLINE, PORPHYRITIC [4941] ",VOLCANIC ROCK,,,,,WHOLE_ROCK [4941] ,258631.7855,4435.116,,85209.41100000001,,,,42829.229999999996,54102.79,17307.248,1161.687,,39598.155,30490.3227,2051.1787,,,,,,,,,,,,,,,,21000.,,,,,,,,,,,,,,,,,,,,,,,,,,,,13,,118,54,,,6,,41,56,24,,,,,320,469,26,633,89,,,,,,,,,,,,6.1,581,102,179,15.9,54,9,1.8,5.8,1,5,0.9,2.9,0.44,2.8,0.43,14,4.51,,,,,,,,,64,,50,12,0.512478,,,0.70795,,18.796,,15.614,,38.766,,,,,,,,,,,,,,,115227,
[4941],CONVERGENT MARGIN,SULAWESI ARC / SULAWESI ARC / SULAWESI / ULUBILA / PACIFIC OCEAN,,-5,-5,120,120,SUBAERIAL,,,s B469 [4941],NOT GIVEN [4941],,,,,,,,"MICROCRYSTALLINE, PORPHYRITIC [4941] ",VOLCANIC ROCK,,,,,WHOLE_ROCK [4941] ,292801.28400000004,2876.832,,94894.7043,,,,24873.600000000002,12864.6,3377.0240000000003,387.22900000000004,,46903.475000000006,38131.449799999995,654.6315,,,,,,,,,,,,,,,,8300.,,,,,,,,,,,,,,,,,,,,,,,,,,,,5,,51,32,,,14,,25,51,22,,,,,173,923,26,361,38,,,,,,,,,,,,3.5,1470,74,139,12.6,47,8.6,2.14,5.9,1,4.9,0.9,2.7,0.39,2.4,0.37,8,2.46,,,,,,,,,42,,17,2.7,0.512664,,,0.705642,,18.696,,15.625,,38.774,,,,,,,,,,,,,,,115228,
[4941],CONVERGENT MARGIN,SULAWESI ARC / SULAWESI ARC / SULAWESI / ULUBILA / PACIFIC OCEAN,,-5,-5,120,120,SUBAERIAL,,,s B472 [4941],NOT GIVEN [4941],,,,,,,,"MICROCRYSTALLINE, PORPHYRITIC [4941] ",VOLCANIC ROCK,,,,,WHOLE_ROCK [4941] ,257463.198,6652.674,,102304.2183,,,,41741.01,35520.59,11035.632,1703.8076,,36443.585,26335.923499999997,1483.8314,,,,,,,,,,,,,,,,25000.,,,,,,,,,,,,,,,,,,,,,,,,,,,,9,,117,53,,,4,,11,25,21,,,,,221,725,72,418,50,,,,,,,,,,,,2.8,1330,77,157,14.2,56,12,2.7,11,1.9,10,2,6.1,0.9,5.6,0.89,9.7,2.73,,,,,,,,,48,,21,5.6,0.512728,,,0.705156,,18.61,,15.57,,38.541,,,,,,,,,,,,,,,115229,
[4941],CONVERGENT MARGIN,SULAWESI ARC / SULAWESI ARC / SULAWESI / BILA / PACIFIC OCEAN,,-5,-5,120,120,SUBAERIAL,,,s B328 [4941],TEPHRITE [4941],,,,,,,,"APHANITIC, PORPHYRITIC [4941] ",VOLCANIC ROCK,,,,,WHOLE_ROCK [4941] ,197631.518,9050.034,,87379.34010000002,,,,75164.91,92482.18,29428.352,1858.6992,,47650.61,9199.0268,5760.7572,,,,,,,,,,,,,,,,24700.000000000004,,,,,,,,,,,,,,,,,,,,,,,,,,,,9,,608,38,,,39,14,662,119,21,,,,,255,2041,49,99,8,,,,,,,,,,,,9.9,2276,53,110.8,13.17,63.8,15,4.6,12.3,1.8,8.9,1.6,4.8,0.6,3.8,0.55,3.1,1.11,,,,,,,,,84,,29.4,10,0.512635,,,0.706213,,18.915,,15.629,,38.967,,,,,,,,,,,,,,,115230,
[4941],CONVERGENT MARGIN,SULAWESI ARC / SULAWESI ARC / SULAWESI / BILA / PACIFIC OCEAN,,-5,-5,120,120,SUBAERIAL,,,s B342 [4941],TEPHRITE [4941],,,,,,,,"APHANITIC, PORPHYRITIC [4941] ",VOLCANIC ROCK,,,,,WHOLE_ROCK [4941] ,198753.36200000002,8810.297999999999,,88014.44129999999,,,,75164.91,93554.23,28523.792,1936.145,,48231.715,11943.8977,5717.1151,,,,,,,,,,,,,,,,21400.,,,,,,,,,,,,,,,,,,,,,,,,,,,,8,,616,35,,,39,20,686,128,22,,,,,248,2149,46,81,8,,,,,,,,,,,,10,2299,54,111.4,12.89,63.2,14.8,4.6,11.9,1.7,8.8,1.6,4.7,0.57,3.6,0.53,2.7,1.11,,,,,,,,,103,,28.9,9.9,0.512629,,,0.706226,,18.964,,15.603,,38.933,,,,,,,,,,,,,,,115231,
[4941],CONVERGENT MARGIN,SULAWESI ARC / SULAWESI ARC / SULAWESI / KAHU / PACIFIC OCEAN,,-5,-5,120,120,SUBAERIAL,,,s B74 [4941],"ANDESITE, BASALTIC [4941]",,,,,,,,PORPHYRITIC [4941] ,VOLCANIC ROCK,,,,,WHOLE_ROCK [4941] ,235260.0355,6113.268,,89337.5688,,,,67080.99,62393.310000000005,26473.455999999995,1084.2412000000002,,18014.255,23591.0526,2269.3892,,,,,,,,,,,,,,,,18800.,,,,,,,,,,,,,,,,,,,,,,,,,,,,23,,232,37,,,29,17,178,68,20,,,,,56,895,19,106,3.9,,,,,,,,,,,,3.3,952,27,52.1,5.36,27.3,5.5,1.6,4.8,0.7,3.8,0.7,1.9,0.26,1.8,0.26,3.1,0.3,,,,,,,,,12,,8.4,2.4,0.512678,,,0.706131,,19.125,,15.629,,39.039,,,,,,,,,,,,,,,115232,
[4941],CONVERGENT MARGIN,SULAWESI ARC / SULAWESI ARC / SULAWESI / KAHU / PACIFIC OCEAN,,-5,-5,120,120,SUBAERIAL,,,s B475 [4941],"ANDESITE, BASALTIC [4941]",,,,,,,,PORPHYRITIC [4941] ,VOLCANIC ROCK,,,,,WHOLE_ROCK [4941] ,278451.0295,4614.918,,81716.3544,,,,42829.229999999996,39951.729999999996,20443.056,774.4580000000001,,24821.485,21291.2959,785.5577999999999,,,,,,,,,,,,,,,,19400.,,,,,,,,,,,,,,,,,,,,,,,,,,,,18,,136,87,,,26,32,80,54,18,,,,,90,693,37,155,6,,,,,,,,,,,,8.8,1030,54,79,9.96,41,8.9,1.9,8.1,1.3,6.8,1.3,3.7,0.52,3.2,0.5,4.3,0.4,,,,,,,,,36,,11,2.1,0.512489,,,0.708467,,19.178,,15.624,,39.014,,,,,,,,,,,,,,,115233,
[4941],CONVERGENT MARGIN,SULAWESI ARC / SULAWESI ARC / SULAWESI / KAHU / PACIFIC OCEAN,,-5,-5,120,120,SUBAERIAL,,,s B485 [4941],"ANDESITE, BASALTIC [4941]",,,,,,,,PORPHYRITIC [4941] ,VOLCANIC ROCK,,,,,WHOLE_ROCK [4941] ,233670.75650000002,6652.674,,85050.6357,,,,71122.95,73542.62999999999,27136.8,1316.5786,,20919.78,21588.0387,1352.9051,,,,,,,,,,,,,,,,16500.,,,,,,,,,,,,,,,,,,,,,,,,,,,,27,,240,,,,,,,,,,,,,,,,,,,,,,,,,,,,,,,,,,,,,,,,,,,,,,,,,,,,,,,,,,,0.512672,,,0.705479,,18.817,,15.616,,38.799,,,,,,,,,,,,,,,115234,
[4941],CONVERGENT MARGIN,SULAWESI ARC / SULAWESI ARC / SULAWESI / LEMO / PACIFIC OCEAN,,-5,-5,120,120,SUBAERIAL,,,s B48 [4941],ANDESITE [4941],,,,,,,,PORPHYRITIC [4941] ,VOLCANIC ROCK,,,,,WHOLE_ROCK [4941] ,270925.326,4674.852,,83515.8078,,,,45782.969999999994,41595.54,19719.408,1239.1328,,33870.12,23961.981099999997,1920.2524,,,,,,,,,,,,,,,,12000.,,,,,,,,,,,,,,,,,,,,,,,,,,,,15,,144,85,,,22,18,64,53,19,,,,,136,771,25,171,7.7,,,,,,,,,,,,3.1,977,38.9,73.5,7.04,34.7,6.4,1.52,5.7,0.8,4.3,0.8,2.5,0.35,2.3,0.37,5,0.59,,,,,,,,,7,,15.3,4.1,0.512573,,,0.707173,,18.916,,15.606,,38.843,,,,,,,,,,,,,,,115235,
[4941],CONVERGENT MARGIN,SULAWESI ARC / SULAWESI ARC / SULAWESI / LEMO / PACIFIC OCEAN,,-5,-5,120,120,SUBAERIAL,,,s B86 [4941],ANDESITE [4941],,,,,,,,PORPHYRITIC [4941] ,VOLCANIC ROCK,,,,,WHOLE_ROCK [4941] ,269102.32950000005,5394.0599999999995,,85632.8118,,,,50446.770000000004,42882,19116.368,929.3496,,31462.685,22626.638499999997,1832.9682,,,,,,,,,,,,,,,,11000.,,,,,,,,,,,,,,,,,,,,,,,,,,,,16,,154,69,,,19,10,43,36,19,,,,,135,805,26,185,7.7,,,,,,,,,,,,4.4,1000,41.4,78.6,7.76,37.3,7,1.63,6,0.9,4.8,0.9,2.6,0.38,2.5,0.39,5.3,0.6,,,,,,,,,,,15.6,4,0.512599,,,0.707077,,18.941,,15.639,,38.97,,,,,,,,,,,,,,,115236,
[4941],CONVERGENT MARGIN,SULAWESI ARC / SULAWESI ARC / SULAWESI / LEMO / PACIFIC OCEAN,,-5,-5,120,120,SUBAERIAL,,,s B338 [4941],ANDESITE [4941],,,,,,,,PORPHYRITIC [4941] ,VOLCANIC ROCK,,,,,WHOLE_ROCK [4941] ,267840.255,5334.126,,78382.07310000001,,,,56354.25,47241.670000000006,25327.68,929.3496,,29553.34,21365.4816,2269.3892,,,,,,,,,,,,,,,,8900.,,,,,,,,,,,,,,,,,,,,,,,,,,,,28,,181,109,,,25,40,126,66,19,,,,,125,761,24,131,6,,,,,,,,,,,,3.9,1033,31.4,58.7,6.26,28.7,6.3,1.97,5.8,0.8,4.2,0.8,2.5,0.32,2.1,0.33,3.7,0.49,,,,,,,,,33,,12.1,3.5,0.51251,,,0.708159,,19.185,,15.671,,39.241,,,,,,,,,,,,,,,115237,
[4941],CONVERGENT MARGIN,SULAWESI ARC / SULAWESI ARC / SULAWESI / MARARA / PACIFIC OCEAN,,-5,-5,120,120,SUBAERIAL,,,s B42 [4941],NOT GIVEN [4941],,,,,,,,PORPHYRITIC [4941] ,VOLCANIC ROCK,,,,,WHOLE_ROCK [4941] ,271953.683,3536.1059999999998,,103203.945,,,,22463.97,14365.47,3738.848,1548.9160000000002,,58857.635,28635.6802,480.0631,,,,,,,,,,,,,,,,37700.,,,,,,,,,,,,,,,,,,,,,,,,,,,,1,,77,32,,,2,,,103,20,,,,,244,383,35,282,13,,,,,,,,,,,,11.8,72,60,112.9,11.75,48.4,9.1,1.9,9.8,1.2,5.9,1.1,3.5,0.5,2.9,0.49,6.1,0.95,,,,,,,,,120,,29.2,8.2,0.512742,,,0.705671,,18.63,,15.576,,38.558,,,,,,,,,,,,,,,115238,
[4941],CONVERGENT MARGIN,SULAWESI ARC / SULAWESI ARC / SULAWESI / MARARA / PACIFIC OCEAN,,-5,-5,120,120,SUBAERIAL,,,s B369 [4941],NOT GIVEN [4941],,,,,,,,PORPHYRITIC [4941] ,VOLCANIC ROCK,,,,,WHOLE_ROCK [4941] ,273729.93600000005,3416.2379999999994,,103151.0199,,,,22697.16,20440.42,3799.1519999999996,1703.8076,,58857.635,32196.5938,436.42100000000005,,,,,,,,,,,,,,,,35600.,,,,,,,,,,,,,,,,,,,,,,,,,,,,1,,79,27,,,2,20,13,100,18,,,,,206,379,35,275,12,,,,,,,,,,,,10.6,110,61.6,125.8,12.08,47.4,9.4,1.98,9.9,1.1,5.9,1.1,3.5,0.51,3.2,0.51,6.6,0.96,,,,,,,,,114,,29.6,10.3,0.512708,,,0.705612,,18.611,,15.55,,38.472,,,,,,,,,,,,,,,115239,
[4941],CONVERGENT MARGIN,SULAWESI ARC / SULAWESI ARC / SULAWESI / PAKE / PACIFIC OCEAN,,-5,-5,120,120,SUBAERIAL,,,s B53 [4941],BASALT [4941],,,,,,,,PORPHYRITIC [4941] ,VOLCANIC ROCK,,,,,WHOLE_ROCK [4941] ,236007.93150000004,5214.258,,98070.2103,,,,62184,44883.16,16885.12,2865.4946,,33787.105,20697.8103,218.21050000000002,,,,,,,,,,,,,,,,41000.,,,,,,,,,,,,,,,,,,,,,,,,,,,,19,,257,40,,,21,46,95,270,19,,,,,88,3054,18,88,3,,,,,,,,,,,,,1165,11,21.4,2.63,13.9,3.6,1.9,2.7,0.5,3,0.6,1.7,0.25,1.7,0.25,2.3,0.17,,,,,,,,,60,,4.3,1.5,0.512919,,,0.705016,,18.464,,15.534,,38.328,,,,,,,,,,,,,,,115240,
[4941],CONVERGENT MARGIN,SULAWESI ARC / SULAWESI ARC / SULAWESI / SOPOC / PACIFIC OCEAN,,-5,-5,120,120,SUBAERIAL,,,s B27 [4941],"ANDESITE, BASALTIC [4941]",,,,,,,,PORPHYRITIC [4941] ,VOLCANIC ROCK,,,,,WHOLE_ROCK [4941] ,232969.60400000002,4734.786,,92460.1497,,,,67391.91,67896.5,21468.224,1394.0244,,26896.86,20549.4389,1614.7576999999999,,,,,,,,,,,,,,,,22900.,,,,,,,,,,,,,,,,,,,,,,,,,,,,22,,285,44,,,25,6,113,89,19,,,,,47,1524,20,63,1.1,,,,,,,,,,,,0.5,920,18.7,37.3,4.04,21.9,4.9,1.56,4.5,0.6,3.8,0.8,2.3,0.3,2.1,0.3,1.9,0.1,,,,,,,,,8,,5,1.7,0.512909,,,0.703846,,18.396,,15.526,,38.239,,,,,,,,,,,,,,,115241,
[4941],CONVERGENT MARGIN,SULAWESI ARC / SULAWESI ARC / SULAWESI / SOPOC / PACIFIC OCEAN,,-5,-5,120,120,SUBAERIAL,,,s B54 [4941],"ANDESITE, BASALTIC [4941]",,,,,,,,PORPHYRITIC [4941] ,VOLCANIC ROCK,,,,,WHOLE_ROCK [4941] ,226752.71850000002,5274.192,,95688.5808,,,,70734.3,69754.72,23036.127999999997,1626.3618,,17184.105,22700.8242,1963.8945,,,,,,,,,,,,,,,,24400.,,,,,,,,,,,,,,,,,,,,,,,,,,,,17,,290,37,,,27,,182,59,21,,,,,32,2116,25,66,1.5,,,,,,,,,,,,0.5,926,17.3,35.4,4.11,23.4,5.1,1.64,5.1,0.7,4.3,0.8,2.4,0.35,2.2,0.34,1.9,0.12,,,,,,,,,29,,3.5,1.3,0.512944,,,0.704263,,18.424,,15.533,,38.278,,,,,,,,,,,,,,,115242,
[4941],CONVERGENT MARGIN,SULAWESI ARC / SULAWESI ARC / SULAWESI / BIRU / PACIFIC OCEAN,,-5,-5,120,120,SUBAERIAL,,,s B21 [4941],SYENITE [4941],,,,,,,,HOLOCRYSTALLINE [4941] ,PLUTONIC ROCK,,,,,WHOLE_ROCK [4941] ,259893.86000000002,3715.908,,93942.0525,,,,45238.86,44382.87,11638.671999999999,1006.7954,,39930.215,28042.1946,1483.8314,,,,,,,,,,,,,,,,9500.,,,,,,,,,,,,,,,,,,,,,,,,,,,,9,,172,54,,,16,,62,49,18,,,,,106,1302,20,172,4.1,,,,,,,,,,,,2,1029,25.2,48.3,4.76,24.2,4.9,1.45,4.4,0.6,3.6,0.7,2,0.29,2,0.32,4.2,0.27,,,,,,,,,38,,12.9,4.5,0.512882,,,0.70423,,18.533,,15.553,,38.417,,,,,,,,,,,,,,,115243,
[4941],CONVERGENT MARGIN,SULAWESI ARC / SULAWESI ARC / SULAWESI / BIRU / PACIFIC OCEAN,,-5,-5,120,120,SUBAERIAL,,,s B22 [4941],SYENITE [4941],,,,,,,,HOLOCRYSTALLINE [4941] ,PLUTONIC ROCK,,,,,WHOLE_ROCK [4941] ,262277.7785,3895.71,,96852.933,,,,43606.530000000006,43096.41,10975.328,929.3496,,40677.350000000006,29748.465699999997,1396.5472,,,,,,,,,,,,,,,,6100.,,,,,,,,,,,,,,,,,,,,,,,,,,,,9,,166,50,,,15,,67,30,18,,,,,92,1312,24,133,4.8,,,,,,,,,,,,1.7,1004,26.3,54.4,5.59,29.3,5.8,1.58,5.2,0.8,4.5,0.8,2.5,0.34,2.3,0.36,3.6,0.37,,,,,,,,,42,,6.6,1.9,0.512874,,,0.704265,,18.505,,15.539,,38.36,,,,,,,,,,,,,,,115244,
[4941],CONVERGENT MARGIN,SULAWESI ARC / SULAWESI ARC / SULAWESI / LANGI / PACIFIC OCEAN,,-5,-5,120,120,SUBAERIAL,,,s B360 [4941],NOT GIVEN [4941],,,,,,,,HOLOCRYSTALLINE [4941] ,PLUTONIC ROCK,,,,,WHOLE_ROCK [4941] ,303458.802,3116.5679999999998,,84838.93530000001,,,,29848.32,28016.239999999998,10734.112,542.1206000000001,,16935.06,34273.7934,1091.0525,,,,,,,,,,,,,,,,6200.,,,,,,,,,,,,,,,,,,,,,,,,,,,,9,,63,109,,,10,45,17,17,17,,,,,34,421,15,138,5,,,,,,,,,,,,1.1,301,13.8,30.1,3.01,12.4,2.6,0.9,2.6,0.4,2.4,0.5,1.4,0.22,1.4,0.22,3.6,0.43,,,,,,,,,8,,5.1,1.9,0.5129,,,0.703592,,18.38,,15.536,,38.282,,,,,,,,,,,,,,,115245,
[4941],CONVERGENT MARGIN,SULAWESI ARC / SULAWESI ARC / SULAWESI / LANGI / PACIFIC OCEAN,,-5,-5,120,120,SUBAERIAL,,,s B370 [4941],NOT GIVEN [4941],,,,,,,,HOLOCRYSTALLINE [4941] ,PLUTONIC ROCK,,,,,WHOLE_ROCK [4941] ,311779.145,2996.7,,84415.5345,,,,29770.59,49671.65,11095.936,542.1206000000001,,15689.835,33086.822199999995,654.6315,,,,,,,,,,,,,,,,7700.,,,,,,,,,,,,,,,,,,,,,,,,,,,,8,,64,67,,,10,26,240,0,16,,,,,33,416,13,110,4,,,,,,,,,,,,1.1,281,13.8,29.7,2.85,12,2.4,0.83,2.6,0.3,2.1,0.4,1.3,0.2,1.3,0.2,2.9,0.39,,,,,,,,,7,,5.2,1.1,0.512879,,,0.703628,,18.352,,15.513,,38.229,,,,,,,,,,,,,,,115246,
[4941],CONVERGENT MARGIN,SULAWESI ARC / SULAWESI ARC / SULAWESI / LANGI / PACIFIC OCEAN,,-5,-5,120,120,SUBAERIAL,,,s B18 [4941],"ANDESITE, BASALTIC [4941]",,,,,,,,PORPHYRITIC [4941] ,VOLCANIC ROCK,,,,,WHOLE_ROCK [4941] ,255873.91900000002,5214.258,,86320.8381,,,,55887.87,63894.17999999999,26835.28,1471.4702,,1328.24,18249.6822,829.1999000000001,,,,,,,,,,,,,,,,12100.,,,,,,,,,,,,,,,,,,,,,,,,,,,,23,,198,145,,,26,9,48,34,19,,,,,3,598,22,112,3.2,,,,,,,,,,,,0.2,88,15.6,35.05,3.761,18.8,4.34,1.246,4.02,0.63,3.88,0.74,2.39,0.33,2.36,0.361,3.36,0.234,,,,,,,,,,,3.5,0.8,0.512847,,,0.703795,,18.383,,15.536,,38.311,,,,,,,,,,,,,,,115247,
[4941],CONVERGENT MARGIN,SULAWESI ARC / SULAWESI ARC / SULAWESI / LANGI / PACIFIC OCEAN,,-5,-5,120,120,SUBAERIAL,,,s B19 [4941],"ANDESITE, BASALTIC [4941]",,,,,,,,PORPHYRITIC [4941] ,VOLCANIC ROCK,,,,,WHOLE_ROCK [4941] ,270504.6345,3536.1059999999998,,92618.925,,,,41585.549999999996,40952.310000000005,15437.823999999999,774.4580000000001,,16270.94,21217.1102,567.3473,,,,,,,,,,,,,,,,26900.,,,,,,,,,,,,,,,,,,,,,,,,,,,,13,,139,65,,,17,9,13,60,21,,,,,38,689,14,76,1.1,,,,,,,,,,,,3.2,198,7,15.86,1.815,9.6,2.6,0.872,2.53,0.41,2.46,0.49,1.46,0.21,1.44,0.23,2.35,0.1,,,,,,,,,7,,1.9,0.6,0.512867,,,0.703813,,18.286,,15.52,,38.186,,,,,,,,,,,,,,,115248,
[4941],CONVERGENT MARGIN,SULAWESI ARC / SULAWESI ARC / SULAWESI / PAKE / PACIFIC OCEAN,,-5,-5,120,120,SUBAERIAL,,,s B53 [4941],BASALT [4941],,,,,,,,PORPHYRITIC [4941] ,VOLCANIC ROCK,,,,,WHOLE_ROCK [4941] ,,,,,,,,,,,,,,,,,,,,,,,,,,,,,,,,,,,,,,,,,,,,,,,,,,,,,,,,,,,,,,,,,,,,,,,,,,,,,,,,,,,,,,,,,,,,,,,,,,,,,,,,,,,,,,,,,,,,,,,,0.512922,,,0.705036,,,,,,,,,,,,,,,,,,,,,115260,
[4941],CONVERGENT MARGIN,SULAWESI ARC / SULAWESI ARC / SULAWESI / KAHU / PACIFIC OCEAN,,-5,-5,120,120,SUBAERIAL,,,s B485 [4941],"ANDESITE, BASALTIC [4941]",,,,,,,,PORPHYRITIC [4941] ,VOLCANIC ROCK,,,,,WHOLE_ROCK [4941] ,,,,,,,,,,,,,,,,,,,,,,,,,,,,,,,,,,,,,,,,,,,,,,,,,,,,,,,,,,,,,,,,,,,,,,,,,,,,,,,,,,,,,,,,,,,,,,,,,,,,,,,,,,,,,,,,,,,,,,,,0.512667,,,,,,,,,,,,,,,,,,,,,,,,115261,
[4941],CONVERGENT MARGIN,SULAWESI ARC / SULAWESI ARC / SULAWESI / LANGI / PACIFIC OCEAN,,-5,-5,120,120,SUBAERIAL,,,s B19 [4941],"ANDESITE, BASALTIC [4941]",,,,,,,,PORPHYRITIC [4941] ,VOLCANIC ROCK,,,,,WHOLE_ROCK [4941] ,,,,,,,,,,,,,,,,,,,,,,,,,,,,,,,,,,,,,,,,,,,,,,,,,,,,,,,,,,,,,,,,,,,,,,,,,,,,,,,,,,,,,,,,,,,,,,,,,,,,,,,,,,,,,,,,,,,,,,,,,,,0.703845,,,,,,,,,,,,,,,,,,,,,115262,
[4941],CONVERGENT MARGIN,SULAWESI ARC / SULAWESI ARC / SULAWESI / ULUBILA / PACIFIC OCEAN,,-5,-5,120,120,SUBAERIAL,,,s B472_LEACHATE [4941],NOT GIVEN [4941],,,,,,,,"MICROCRYSTALLINE, PORPHYRITIC [4941] ",VOLCANIC ROCK,,,,,WHOLE_ROCK [4941] ,,,,,,,,,,,,,,,,,,,,,,,,,,,,,,,,,,,,,,,,,,,,,,,,,,,,,,,,,,,,,,,,,,,,,,,,,,,,,,,,,,,,,,,,,,,,,,,,,,,,,,,,,,,,,,,,,,,,,,,,0.5127,,,0.705715,,,,,,,,,,,,,,,,,,,,,115263,
[4941],CONVERGENT MARGIN,SULAWESI ARC / SULAWESI ARC / SULAWESI / BILA / PACIFIC OCEAN,,-5,-5,120,120,SUBAERIAL,,,s B328_LEACHATE [4941],TEPHRITE [4941],,,,,,,,"APHANITIC, PORPHYRITIC [4941] ",VOLCANIC ROCK,,,,,WHOLE_ROCK [4941] ,,,,,,,,,,,,,,,,,,,,,,,,,,,,,,,,,,,,,,,,,,,,,,,,,,,,,,,,,,,,,,,,,,,,,,,,,,,,,,,,,,,,,,,,,,,,,,,,,,,,,,,,,,,,,,,,,,,,,,,,0.512629,,,0.706233,,,,,,,,,,,,,,,,,,,,,115264,
[4941],CONVERGENT MARGIN,SULAWESI ARC / SULAWESI ARC / SULAWESI / KAHU / PACIFIC OCEAN,,-5,-5,120,120,SUBAERIAL,,,s B74_LEACHATE [4941],"ANDESITE, BASALTIC [4941]",,,,,,,,PORPHYRITIC [4941] ,VOLCANIC ROCK,,,,,WHOLE_ROCK [4941] ,,,,,,,,,,,,,,,,,,,,,,,,,,,,,,,,,,,,,,,,,,,,,,,,,,,,,,,,,,,,,,,,,,,,,,,,,,,,,,,,,,,,,,,,,,,,,,,,,,,,,,,,,,,,,,,,,,,,,,,,0.512703,,,0.706127,,,,,,,,,,,,,,,,,,,,,115265,
[4941],CONVERGENT MARGIN,SULAWESI ARC / SULAWESI ARC / SULAWESI / LEMO / PACIFIC OCEAN,,-5,-5,120,120,SUBAERIAL,,,s B48_LEACHATE [4941],ANDESITE [4941],,,,,,,,PORPHYRITIC [4941] ,VOLCANIC ROCK,,,,,WHOLE_ROCK [4941] ,,,,,,,,,,,,,,,,,,,,,,,,,,,,,,,,,,,,,,,,,,,,,,,,,,,,,,,,,,,,,,,,,,,,,,,,,,,,,,,,,,,,,,,,,,,,,,,,,,,,,,,,,,,,,,,,,,,,,,,,0.512559,,,0.707091,,,,,,,,,,,,,,,,,,,,,115266,
[4941],CONVERGENT MARGIN,SULAWESI ARC / SULAWESI ARC / SULAWESI / MARARA / PACIFIC OCEAN,,-5,-5,120,120,SUBAERIAL,,,s B369_LEACHATE [4941],NOT GIVEN [4941],,,,,,,,PORPHYRITIC [4941] ,VOLCANIC ROCK,,,,,WHOLE_ROCK [4941] ,,,,,,,,,,,,,,,,,,,,,,,,,,,,,,,,,,,,,,,,,,,,,,,,,,,,,,,,,,,,,,,,,,,,,,,,,,,,,,,,,,,,,,,,,,,,,,,,,,,,,,,,,,,,,,,,,,,,,,,,0.512703,,,0.706484,,,,,,,,,,,,,,,,,,,,,115267,
[4941],CONVERGENT MARGIN,SULAWESI ARC / SULAWESI ARC / SULAWESI / PAKE / PACIFIC OCEAN,,-5,-5,120,120,SUBAERIAL,,,s B53_LEACHATE [4941],BASALT [4941],,,,,,,,PORPHYRITIC [4941] ,VOLCANIC ROCK,,,,,WHOLE_ROCK [4941] ,,,,,,,,,,,,,,,,,,,,,,,,,,,,,,,,,,,,,,,,,,,,,,,,,,,,,,,,,,,,,,,,,,,,,,,,,,,,,,,,,,,,,,,,,,,,,,,,,,,,,,,,,,,,,,,,,,,,,,,,0.512911,,,0.704781,,,,,,,,,,,,,,,,,,,,,115268,
[4941],CONVERGENT MARGIN,SULAWESI ARC / SULAWESI ARC / SULAWESI / SOPOC / PACIFIC OCEAN,,-5,-5,120,120,SUBAERIAL,,,s B27_LEACHATE [4941],"ANDESITE, BASALTIC [4941]",,,,,,,,PORPHYRITIC [4941] ,VOLCANIC ROCK,,,,,WHOLE_ROCK [4941] ,,,,,,,,,,,,,,,,,,,,,,,,,,,,,,,,,,,,,,,,,,,,,,,,,,,,,,,,,,,,,,,,,,,,,,,,,,,,,,,,,,,,,,,,,,,,,,,,,,,,,,,,,,,,,,,,,,,,,,,,0.512935,,,0.703876,,,,,,,,,,,,,,,,,,,,,115269,
[4941],CONVERGENT MARGIN,SULAWESI ARC / SULAWESI ARC / SULAWESI / BIRU / PACIFIC OCEAN,,-5,-5,120,120,SUBAERIAL,,,s B21_LEACHATE [4941],SYENITE [4941],,,,,,,,HOLOCRYSTALLINE [4941] ,PLUTONIC ROCK,,,,,WHOLE_ROCK [4941] ,,,,,,,,,,,,,,,,,,,,,,,,,,,,,,,,,,,,,,,,,,,,,,,,,,,,,,,,,,,,,,,,,,,,,,,,,,,,,,,,,,,,,,,,,,,,,,,,,,,,,,,,,,,,,,,,,,,,,,,,0.512864,,,0.704368,,,,,,,,,,,,,,,,,,,,,115270,
[4941],CONVERGENT MARGIN,SULAWESI ARC / SULAWESI ARC / SULAWESI / LANGI / PACIFIC OCEAN,,-5,-5,120,120,SUBAERIAL,,,s B18_LEACHATE [4941],"ANDESITE, BASALTIC [4941]",,,,,,,,PORPHYRITIC [4941] ,VOLCANIC ROCK,,,,,WHOLE_ROCK [4941] ,,,,,,,,,,,,,,,,,,,,,,,,,,,,,,,,,,,,,,,,,,,,,,,,,,,,,,,,,,,,,,,,,,,,,,,,,,,,,,,,,,,,,,,,,,,,,,,,,,,,,,,,,,,,,,,,,,,,,,,,0.512842,,,,,,,,,,,,,,,,,,,,,,,,115271,
[5802],CONVERGENT MARGIN,SULAWESI ARC / SULAWESI ARC / SULAWESI / PACIFIC OCEAN,GOLD MINE NEAR RATATOTOK (MESEL),0.85,0.85,124.7,124.7,SUBAERIAL,,,s MIN27 [5802],ANDESITE [5802],12000000 [5802],14000000 [5802],,,,,,,VOLCANIC ROCK,,,,,WHOLE_ROCK [5802] ,275599.67600000004,4015.578,,93836.2023,,,,48814.44,66252.69,17729.376,1006.7954,,6060.095,22775.009899999997,567.3473,,,,,,,,,,,,,,,,39500.,,,,,,,,,,,,,,16.29,,,,,,,,,,,,,,23.7,,200,180,,,,48,34,53,14.4,,,,,15.7,294.6,18.46,71.5,1.27,,,,,,,,,,,,3.94,118,4.57,11.23,1.63,7.57,2.14,0.76,2.51,0.43,2.77,0.62,1.8,0.28,1.83,0.29,1.93,,,,,,,,,,4.28,,0.71,0.27,0.513003,,,0.703897,,18.256,,15.565,,38.253,,,,,,,,,,,,,,,127252,
[5802],CONVERGENT MARGIN,SULAWESI ARC / SULAWESI ARC / SULAWESI / PACIFIC OCEAN,GOLD MINE NEAR RATATOTOK (MESEL),0.85,0.85,124.7,124.7,SUBAERIAL,,,s MIN31 [5802],ANDESITE [5802],12000000 [5802],14000000 [5802],,,,,,,VOLCANIC ROCK,,,,,WHOLE_ROCK [5802] ,281769.818,3895.71,,93889.1274,,,,47104.38,52959.270000000004,21106.399999999998,1316.5786,,6641.200000000001,23442.6812,567.3473,,,,,,,,,,,,,,,,41500.,,,,,,,,,,,,,,,,,,,,,,,,,,,,20.2,,179,17,,,,10,24,66,15.7,,,,,13.6,255.5,18.6,74.7,2.7,,,,,,,,,,,,,132,4,17,,9,,,,,,,,,,,,,,,,,,,,,2.8,,1,0.9,0.512986,,,0.704235,,18.258,,15.576,,38.312,,,,,,,,,,,,,,,127253,
[5802],CONVERGENT MARGIN,SULAWESI ARC / SULAWESI ARC / SULAWESI / PACIFIC OCEAN,GOLD MINE NEAR RATATOTOK (MESEL),0.85,0.85,124.7,124.7,SUBAERIAL,,,s MIN34 [5802],ANDESITE [5802],12000000 [5802],14000000 [5802],,,,,,,VOLCANIC ROCK,,,,,WHOLE_ROCK [5802] ,276768.2635,4135.445999999999,,94788.85410000001,,,,47726.219999999994,48027.84,22734.608,1239.1328,,9629.74,29822.651399999995,523.7052,,,,,,,,,,,,,,,,31500.,,,,,,,,,,,,,,13.11,,,,,,,,,,,,,,17.6,,167,16,,,,9,21,54,16.2,,,,,20.3,364.8,19.05,69.3,1.3,,,,,,,,,,,,1.38,143,4.64,11.53,1.69,7.82,2.18,0.78,2.57,0.45,2.85,0.63,1.83,0.28,1.86,0.29,1.65,,,,,,,,,,4.1,,0.68,0.25,0.512999,,,0.704804,,18.29,,15.569,,38.294,,,,,,,,,,,,,,,127254,
[5802],CONVERGENT MARGIN,SULAWESI ARC / SULAWESI ARC / SULAWESI / PACIFIC OCEAN,EAST OF LAKE TONDANO,1.3167,1.3167,124.9,124.9,SUBAERIAL,,,s MIN16 [5802],ANDESITE [5802],3000000 [5802],3000000 [5802],,,,,,,VOLCANIC ROCK,,,,,WHOLE_ROCK [5802] ,270037.19950000005,4554.9839999999995,,92036.7489,,,,58219.770000000004,55246.310000000005,23880.384,1161.687,,13614.46,20846.1817,698.2736,,,,,,,,,,,,,,,,6500.,,,,,,,,,,,,,,8.87,,,,,,,,,,,,,,22.2,,190,24,,,,9,73,58,16,,,,,37.1,334.7,29.04,105.7,2.97,,,,,,,,,,,,1.93,228,9.245,18.93,3.18,14.45,3.91,1.11,4.27,0.71,4.4,0.96,2.74,0.42,2.67,0.42,2.85,,,,,,,,,,5.6,,2.5,0.65,0.512959,,,0.703677,,18.404,,15.572,,38.371,,,,,,,,,,,,,,,127255,
[5802],CONVERGENT MARGIN,SULAWESI ARC / SULAWESI ARC / SULAWESI / PACIFIC OCEAN,EAST OF LAKE TONDANO,1.3167,1.3167,124.9,124.9,SUBAERIAL,,,s MIN17 [5802],BASALT [5802],3000000 [5802],3000000 [5802],,,,,,,VOLCANIC ROCK,,,,,WHOLE_ROCK [5802] ,239513.69400000002,5274.192,,102515.91870000001,,,,78429.56999999999,67825.03,31719.903999999995,1548.9160000000002,,4399.795,19362.467699999997,654.6315,,,,,,,,,,,,,,,,4600.,,,,,,,,,,,,,,,,,,,,,,,,,,,,31.5,,301,14,,,,13,106,77,19.6,,,,,10,339.7,31.8,33,2.5,,,,,,,,,,,,,107,5,11,,12,,,,,,,,,,,,,,,,,,,,,4.4,,1.2,0.2,0.512927,,,0.703784,,18.374,,15.583,,38.34,,,,,,,,,,,,,,,127256,
[5802],CONVERGENT MARGIN,SULAWESI ARC / SULAWESI ARC / SULAWESI / PACIFIC OCEAN,EAST OF LAKE TONDANO,1.3167,1.3167,124.9,124.9,SUBAERIAL,,,s MIN22 [5802],BASALT [5802],3000000 [5802],3000000 [5802],,,,,,,VOLCANIC ROCK,,,,,WHOLE_ROCK [5802] ,247506.83250000002,5094.389999999999,,100187.2143,,,,73532.58,68110.90999999999,28222.271999999997,1548.9160000000002,,3403.615,20030.139,654.6315,,,,,,,,,,,,,,,,800.,,,,,,,,,,,,,,5.23,,,,,,,,,,,,,,29.4,,264,4,,,,6,74,71,18.9,,,,,6.4,240.2,47.76,34.5,0.96,,,,,,,,,,,,0.5,72,4.03,8.04,1.62,8.88,2.88,1.14,4.55,0.74,4.85,1.15,3.28,0.46,2.72,0.44,1.21,,,,,,,,,,1.55,,0.46,0.13,0.512971,,,0.703865,,18.346,,15.577,,38.301,,,,,,,,,,,,,,,127257,
[5802],CONVERGENT MARGIN,SULAWESI ARC / SULAWESI ARC / SULAWESI / LOKON / PACIFIC OCEAN,SOUTH OF MANADO TUA,1.358,1.358,124.792,124.792,SUBAERIAL,,,s MIN2 [5802],DACITE [5802],,,,,,,,,VOLCANIC ROCK,,,,,WHOLE_ROCK [5802] ,316313.26450000005,3715.908,,79705.20060000001,,,,33112.979999999996,24657.15,7779.215999999999,929.3496,,22248.02,33902.8649,872.8420000000001,,,,,,,,,,,,,,,,-1000.,,,,,,,,,,,,,,,,,,,,,,,,,,,,13.6,,54,31,,,,6,32,60,17.1,,,,,67.5,246.3,43.4,214.2,,,,,,,,,,,,,18,337,18,,,24,,,,,,,,,,,,,,,,,,,,,11.1,,7.9,1.6,0.512885,,,0.703684,,18.427,,15.567,,38.376,,,,,,,,,,,,,,,127258,
[5802],CONVERGENT MARGIN,SULAWESI ARC / SULAWESI ARC / SULAWESI / LOKON / PACIFIC OCEAN,SOUTH OF MANADO TUA,1.358,1.358,124.792,124.792,SUBAERIAL,,,s MIN6 [5802],ANDESITE [5802],,,,,,,,,VOLCANIC ROCK,,,,,WHOLE_ROCK [5802] ,284434.1975,4914.588,,86003.2875,,,,52156.83,44954.63,18151.503999999997,1084.2412000000002,,16353.955,27003.5948,916.4841,,,,,,,,,,,,,,,,-2500.,,,,,,,,,,,,,,,,,,,,,,,,,,,,19.9,,165,18,,,,7,43,64,18,,,,,52.7,307.8,34.7,161.6,5.7,,,,,,,,,,,,,265,13,37,,18,,,,,,,,,,,,,,,,,,,,,8.7,,5.8,1.8,,,,,,,,,,,,,,,,,,,,,,,,,127259,
[5802],CONVERGENT MARGIN,SULAWESI ARC / SULAWESI ARC / SULAWESI / LOKON / PACIFIC OCEAN,SOUTH OF MANADO TUA,1.358,1.358,124.792,124.792,SUBAERIAL,,,s MIN11 [5802],BASALT [5802],,,,,,,,,VOLCANIC ROCK,,,,,WHOLE_ROCK [5802] ,231053.12050000002,4554.9839999999995,,97805.58480000001,,,,72833.01,86264.29000000001,40343.376,1394.0244,,2739.4950000000003,17582.0109,698.2736,,,,,,,,,,,,,,,,-1700.0000000000002,,,,,,,,,,,,,,,,,,,,,,,,,,,,33,,299,40,,,,37,141,70,19.2,,,,,7.9,406.2,16.49,35,1.12,,,,,,,,,,,,0.3,66,4.27,10.83,1.58,7.62,2.16,0.8,2.45,0.41,2.61,0.57,1.64,0.24,1.55,0.24,0.94,,,,,,,,,,1.62,,0.74,0.17,0.512856,,,0.703487,,18.201,,15.542,,38.093,,,,,,,,,,,,,,,127260,
[5802],CONVERGENT MARGIN,SULAWESI ARC / SULAWESI ARC / SULAWESI / LOKON / PACIFIC OCEAN,SOUTH OF MANADO TUA,1.358,1.358,124.792,124.792,SUBAERIAL,,,s MIN12 [5802],DACITE [5802],,,,,,,,,VOLCANIC ROCK,,,,,WHOLE_ROCK [5802] ,317061.1605,3715.908,,79811.0508,,,,32335.68,24085.39,7658.607999999999,929.3496,,22497.065,33902.8649,829.1999000000001,,,,,,,,,,,,,,,,-900.,,,,,,,,,,,,,,,,,,,,,,,,,,,,13.1,,50,23,,,,6,23,59,17.3,,,,,69.1,241.1,43.7,217.8,0.7,,,,,,,,,,,,,337,17,43,,23,,,,,,,,,,,,,,,,,,,,,10.8,,7.6,3,,,,,,,,,,,,,,,,,,,,,,,,,127261,
[5802],CONVERGENT MARGIN,SULAWESI ARC / SULAWESI ARC / SULAWESI / LOKON / PACIFIC OCEAN,SOUTH OF MANADO TUA,1.358,1.358,124.792,124.792,SUBAERIAL,,,s MIN13 [5802],BASALT [5802],,,,,,,,,VOLCANIC ROCK,,,,,WHOLE_ROCK [5802] ,238017.90200000003,5274.192,,96482.45730000001,,,,75087.18000000001,75257.90999999999,34735.104,1471.4702,,4482.81,21736.4101,829.1999000000001,,,,,,,,,,,,,,,,-2800.0000000000005,,,,,,,,,,,,,,,,,,,,,,,,,,,,32.2,,310,29,,,,21,132,81,21.2,,,,,11.4,411.9,19.57,44.9,1.82,,,,,,,,,,,,0.45,111,5.83,14.3,2.03,9.52,2.63,0.94,2.91,0.49,3.09,0.67,1.93,0.29,1.85,0.29,1.19,,,,,,,,,,2.85,,1.12,0.24,0.512924,,,0.703593,,18.413,,15.577,,38.367,,,,,,,,,,,,,,,127262,
[5802],CONVERGENT MARGIN,SULAWESI ARC / SULAWESI ARC / SULAWESI / LOKON / PACIFIC OCEAN,SOUTH OF MANADO TUA,1.358,1.358,124.792,124.792,SUBAERIAL,,,s MIN25 [5802],RHYOLITE [5802],,,,,,,,,VOLCANIC ROCK,,,,,WHOLE_ROCK [5802] ,334309.512,2457.294,,78011.5974,,,,23785.38,20940.710000000003,5487.664,619.5664,,17599.18,30490.3227,305.4947,,,,,,,,,,,,,,,,15000.,,,,,,,,,,,,,,18.38,,,,,,,,,,,,,,9.2,,49,28,,,,5,18,42,14.2,,,,,50.3,160,27.3,163.1,4.52,,,,,,,,,,,,3.49,290,10.83,21.93,3.1,12.68,3.09,0.75,3.23,0.58,3.68,0.83,2.54,0.41,2.81,0.46,3.53,,,,,,,,,,9.97,,3.62,0.99,0.512944,,,0.703822,,18.471,,15.579,,38.446,,,,,,,,,,,,,,,127263,
[5802],CONVERGENT MARGIN,SULAWESI ARC / SULAWESI ARC / SULAWESI / PACIFIC OCEAN,MANADO TUA ISLAND,1.6333,1.6333,124.7,124.7,SUBAERIAL,,,s MIN44 [5802],ANDESITE [5802],,,,,,,,,VOLCANIC ROCK,,,,,WHOLE_ROCK [5802] ,283031.8925,3476.1719999999996,,94524.2286,,,,45627.51,47313.14,14895.088,1471.4702,,15772.849999999999,26113.3664,1527.4734999999998,,,,,,,,,,,,,,,,1600.,,,,,,,,,,,,,,12.84,,,,,,,,,,,,,,9.7,,86,14,,,,8,32,47,15,,,,,40.4,779.6,21.27,105.1,5.09,,,,,,,,,,,,1.37,386,19.43,40.91,4.99,19.76,4.12,1.28,3.64,0.55,3.27,0.7,2.07,0.33,2.14,0.35,2.77,,,,,,,,,,6.74,,4.82,0.86,0.512881,,,0.703607,,18.405,,15.57,,38.383,,,,,,,,,,,,,,,127264,
[5802],CONVERGENT MARGIN,SULAWESI ARC / SULAWESI ARC / SULAWESI / PACIFIC OCEAN,MANADO TUA ISLAND,1.6333,1.6333,124.7,124.7,SUBAERIAL,,,s MIN46 [5802],"BASALT, SHOSHONITIC [5802]",,,,,,,,,VOLCANIC ROCK,,,,,WHOLE_ROCK [5802] ,221236.9855,5873.531999999999,,102092.5179,,,,77496.81000000001,77759.36,36845.744,1703.8076,,15191.745,19955.953299999997,2356.6734,,,,,,,,,,,,,,,,13500.,,,,,,,,,,,,,,18.45,,,,,,,,,,,,,,21.5,,270,42,,,,28,90,72,17.3,,,,,37.6,835.4,26.23,49.6,2.89,,,,,,,,,,,,0.43,330,22.84,53.6,6.67,28.14,6.52,1.88,5.66,0.78,4.36,0.89,2.5,0.37,2.31,0.36,1.73,,,,,,,,,,5.88,,5.81,0.83,0.512774,,,0.704191,,18.49,,15.568,,38.399,,,,,,,,,,,,,,,127265,
[5802],CONVERGENT MARGIN,SULAWESI ARC / SULAWESI ARC / SULAWESI / PACIFIC OCEAN,MANADO TUA ISLAND,1.6333,1.6333,124.7,124.7,SUBAERIAL,,,s MIN47 [5802],"BASALT, SHOSHONITIC [5802]",,,,,,,,,VOLCANIC ROCK,,,,,WHOLE_ROCK [5802] ,228949.663,5633.795999999999,,102568.8438,,,,75553.56000000001,73399.69,29006.223999999995,1626.3618,,17184.105,21810.5958,2269.3892,,,,,,,,,,,,,,,,-200.,,,,,,,,,,,,,,,,,,,,,,,,,,,,21.6,,291,46,,,,23,107,69,17.8,,,,,51,836.5,27,56.9,3.5,,,,,,,,,,,,,331,25,60,,33,,,,,,,,,,,,,,,,,,,,,5.8,,6.3,2.1,0.512745,,,0.703954,,18.45,,15.575,,38.382,,,,,,,,,,,,,,,127266,
[4786][13600],CONVERGENT MARGIN,SULAWESI ARC / SULAWESI ARC / SULAWESI / SOPUTAN / PACIFIC OCEAN,,1.115,1.115,124.737,124.737,SUBAERIAL,,,s SP1.1 [4786] / s SP1 [13600],NOT GIVEN [4786],,,,QUATERNARY [4786],,,1900,,VOLCANIC ROCK,,,,,WHOLE_ROCK [4786] ,231847.76000000004,5274.192,,106908.702,,75465.26,,,73971.45,29971.087999999996,1564.40516,,2573.465,19585.0248,462.60625999999996,1100.,,,,,,,,,,,,,,,-5000.,,,,,,,,,,,,,,,,,,,,,,,,3.2,,,,,,,,,,,,,,,,,,,,,,,,,,,,,,,,,,,,,,,,,,,,,,,,,,,,,,,,,,,,,,,,,,,,,,,,,,,,,,,,,,,,,,,,,12825-SP1.1,
[4786][13600],CONVERGENT MARGIN,SULAWESI ARC / SULAWESI ARC / SULAWESI / SOPUTAN / PACIFIC OCEAN,,1.115,1.115,124.737,124.737,SUBAERIAL,,,s SP2.1 [4786] / s SP2 [13600],NOT GIVEN [4786],,,,QUATERNARY [4786],,,1900,,VOLCANIC ROCK,,,,,WHOLE_ROCK [4786] ,230912.89,5094.389999999999,,109025.706,,74066.45999999999,,,75972.61,28463.487999999998,1517.93768,,2573.465,19436.6534,453.87784,1000.,,,,,,,,,,,,,,,-5000.,,,,,,,,,,,,,,,,,,,,,,,,6,,,,,,,,,,,,,,,,,,,,,,,,,,,,,,,,,,,,,,,,,,,,,,,,,,,,,,,,,,,,,,,,,,,,,,,,,,,,,,,,,,,,,,,,,12825-SP2.1,
[4786][13600],CONVERGENT MARGIN,SULAWESI ARC / SULAWESI ARC / SULAWESI / SOPUTAN / PACIFIC OCEAN,,1.115,1.115,124.737,124.737,SUBAERIAL,,,s SP3.1 [4786] / s SP3 [13600],NOT GIVEN [4786],,,,QUATERNARY [4786],,,1900,,VOLCANIC ROCK,,,,,WHOLE_ROCK [4786] ,233250.065,5094.389999999999,,102145.44300000001,,76164.66,,,74185.86,33529.024,1517.93768,,2407.435,18768.982099999997,488.79152,700.0000000000001,,,,,,,,,,,,,,,-5000.,,,,,,,,,,,,,,,,,,,,,,,,8,,,,,,,,,,,,,,,,,,,,,,,,,,,,,,,,,,,,,,,,,,,,,,,,,,,,,,,,,,,,,,,,,,,,,,,,,,,,,,,,,,,,,,,,,12825-SP3.1,
[4786][13600],CONVERGENT MARGIN,SULAWESI ARC / SULAWESI ARC / SULAWESI / SOPUTAN / PACIFIC OCEAN,,1.115,1.115,124.737,124.737,SUBAERIAL,,,s SP4.1 [4786] / s SP4 [13600],NOT GIVEN [4786],,,,QUATERNARY [4786],,,1900,,VOLCANIC ROCK,,,,,WHOLE_ROCK [4786] ,235119.805,5154.324,,99499.18800000001,,77213.76,,,73614.1,33830.544,1556.66058,,2407.435,18768.982099999997,471.33468,700.0000000000001,,,,,,,,,,,,,,,-5000.,,,,,,,,,,,,,,,,,,,,,,,,6,,,,,,,,,,,,,,,,,,,,,,,,,,,,,,,,,,,,,,,,,,,,,,,,,,,,,,,,,,,,,,,,,,,,,,,,,,,,,,,,,,,,,,,,,12825-SP4.1,
[4786][13600],CONVERGENT MARGIN,SULAWESI ARC / SULAWESI ARC / SULAWESI / SOPUTAN / PACIFIC OCEAN,,1.115,1.115,124.737,124.737,SUBAERIAL,,,s SP5.1 [4786] / s SP5 [13600],NOT GIVEN [4786],,,,QUATERNARY [4786],,,1994,,VOLCANIC ROCK,,,,,WHOLE_ROCK [4786] ,231847.76000000004,4974.521999999999,,104262.447,,77633.4,,,72113.23,33468.719999999994,1572.14974,,2324.42,18843.1678,480.0631,500.,,,,,,,,,,,,,,,-6000.,,,,,,,,,,,,,,,,,,,,,,,,4,,,,,,,,,,,,,,,,,,,,,,,,,,,,,,,,,,,,,,,,,,,,,,,,,,,,,,,,,,,,,,,,,,,,,,,,,,,,,,,,,,,,,,,,,12825-SP5.1,
[4786][13600],CONVERGENT MARGIN,SULAWESI ARC / SULAWESI ARC / SULAWESI / SOPUTAN / PACIFIC OCEAN,,1.115,1.115,124.737,124.737,SUBAERIAL,,,s SP6.1 [4786] / s SP6 [13600],NOT GIVEN [4786],,,,QUATERNARY [4786],,,1995,,VOLCANIC ROCK,,,,,WHOLE_ROCK [4786] ,232782.63,4974.521999999999,,102674.694,,77983.1,,,72470.58,33046.592000000004,1564.40516,,2407.435,18917.353499999997,427.69258,500.,,,,,,,,,,,,,,,-5000.,,,,,,,,,,,,,,,,,,,,,,,,2.3,,,,,,,,,,,,,,,,,,,,,,,,,,,,,,,,,,,,,,,,,,,,,,,,,,,,,,,,,,,,,,,,,,,,,,,,,,,,,,,,,,,,,,,,,12825-SP6.1,
[4786][13600],CONVERGENT MARGIN,SULAWESI ARC / SULAWESI ARC / SULAWESI / SOPUTAN / PACIFIC OCEAN,,1.115,1.115,124.737,124.737,SUBAERIAL,,,s SP7.1 [4786] / s SP7 [13600],NOT GIVEN [4786],,,,QUATERNARY [4786],,,1994,,VOLCANIC ROCK,,,,,WHOLE_ROCK [4786] ,234184.93500000003,4974.521999999999,,104262.447,,76724.18000000001,,,70683.83,32383.248,1533.42684,,2407.435,19065.724899999997,501.88415000000003,500.,,,,,,,,,,,,,,,-5000.,,,,,,,,,,,,,,,,,,,,,,,,10,,,,,,,,,,,,,,,,,,,,,,,,,,,,,,,,,,,,,,,,,,,,,,,,,,,,,,,,,,,,,,,,,,,,,,,,,,,,,,,,,,,,,,,,,12825-SP7.1,
[2538],CONVERGENT MARGIN,SULAWESI ARC / SULAWESI ARC / NORTH SULAWESI / PACIFIC OCEAN,N OF BILUNGALA,0.58,0.58,123,123,SUBAERIAL,,,s SN89-01 [2538],"ANDESITE, CALC-ALKALINE [2538]",,,,,,,,,VOLCANIC ROCK,,,,,WHOLE_ROCK [2538] ,,,,,,,,,,,,,8467.53,,,,,,,,,,,,,,,,,,,,,,,,,,,,,,,,,,,,,,,,,,,,,,,,,,,,,,,,,,,,,,,,,,,,,,,,,,,,,,,,,,,,,,,,,,,,,,,,,,,,,,,,,,,,,,,,,,,,,,,,,,,,,,,,,,,132005,
[2538],CONVERGENT MARGIN,SULAWESI ARC / SULAWESI ARC / NORTH SULAWESI / PACIFIC OCEAN,E OF BILUNGALA,0.58,0.58,123,123,SUBAERIAL,,,s SN89-32 [2538],DACITE [2538],,,,,,,,,VOLCANIC ROCK,,,,,WHOLE_ROCK [2538] ,,,,,,,,,,,,,10874.965,,,,,,,,,,,,,,,,,,,,,,,,,,,,,,,,,,,,,,,,,,,,,,,,,,,,,,,,,,,,,,,,,,,,,,,,,,,,,,,,,,,,,,,,,,,,,,,,,,,,,,,,,,,,,,,,,,,,,,,,,,,,,,,,,,,132006,
[2538],CONVERGENT MARGIN,SULAWESI ARC / SULAWESI ARC / NORTH SULAWESI / PACIFIC OCEAN,W OF GORONTALO,0.58,0.58,123,123,SUBAERIAL,,,s SN89-47 [2538],"ANDESITE, CALC-ALKALINE [2538]",,,,,,,,,VOLCANIC ROCK,,,,,WHOLE_ROCK [2538] ,,,,,,,,,,,,,5146.93,,,,,,,,,,,,,,,,,,,,,,,,,,,,,,,,,,,,,,,,,,,,,,,,,,,,,,,,,,,,,,,,,,,,,,,,,,,,,,,,,,,,,,,,,,,,,,,,,,,,,,,,,,,,,,,,,,,,,,,,,,,,,,,,,,,132007,
[2538],CONVERGENT MARGIN,SULAWESI ARC / SULAWESI ARC / NORTH SULAWESI / PACIFIC OCEAN,W OF GORONTALO,0.58,0.58,123,123,SUBAERIAL,,,s SN89-47 [2538],"ANDESITE, CALC-ALKALINE [2538]",,,,,,,,,VOLCANIC ROCK,,,,,WHOLE_ROCK [2538] ,,,,,,,,,,,,,5146.93,,,,,,,,,,,,,,,,,,,,,,,,,,,,,,,,,,,,,,,,,,,,,,,,,,,,,,,,,,,,,,,,,,,,,,,,,,,,,,,,,,,,,,,,,,,,,,,,,,,,,,,,,,,,,,,,,,,,,,,,,,,,,,,,,,,132008,
[2538],CONVERGENT MARGIN,SULAWESI ARC / SULAWESI ARC / NORTH SULAWESI / PACIFIC OCEAN,BETWEEN MARIZA AND GORONTALO,0.58,0.58,123,123,SUBAERIAL,,,s SN89-33 [2538],GRANODIORITE [2538],,,,,,,,,PLUTONIC ROCK,,,,,WHOLE_ROCK [2538] ,,,,,,,,,,,,,21251.84,,,,,,,,,,,,,,,,,,,,,,,,,,,,,,,,,,,,,,,,,,,,,,,,,,,,,,,,,,,,,,,,,,,,,,,,,,,,,,,,,,,,,,,,,,,,,,,,,,,,,,,,,,,,,,,,,,,,,,,,,,,,,,,,,,,132009,
[2538],CONVERGENT MARGIN,SULAWESI ARC / SULAWESI ARC / NORTH SULAWESI / PACIFIC OCEAN,BETWEEN MARIZA AND GORONTALO,0.58,0.58,123,123,SUBAERIAL,,,s SN89-33 [2538],GRANODIORITE [2538],,,,,,,,,PLUTONIC ROCK,,,,,WHOLE_ROCK [2538] ,,,,,,,,,,,,,21251.84,,,,,,,,,,,,,,,,,,,,,,,,,,,,,,,,,,,,,,,,,,,,,,,,,,,,,,,,,,,,,,,,,,,,,,,,,,,,,,,,,,,,,,,,,,,,,,,,,,,,,,,,,,,,,,,,,,,,,,,,,,,,,,,,,,,132010,
[2538],CONVERGENT MARGIN,SULAWESI ARC / SULAWESI ARC / NORTH SULAWESI / PACIFIC OCEAN,BETWEEN MARIZA AND GORONTALO,0.58,0.58,123,123,SUBAERIAL,,,s SN89-46 [2538],GRANITE [2538],,,,,,,,,PLUTONIC ROCK,,,,,WHOLE_ROCK [2538] ,,,,,,,,,,,,,10210.845,,,,,,,,,,,,,,,,,,,,,,,,,,,,,,,,,,,,,,,,,,,,,,,,,,,,,,,,,,,,,,,,,,,,,,,,,,,,,,,,,,,,,,,,,,,,,,,,,,,,,,,,,,,,,,,,,,,,,,,,,,,,,,,,,,,132011,
[2538],CONVERGENT MARGIN,SULAWESI ARC / SULAWESI ARC / NORTH SULAWESI / PACIFIC OCEAN,BETWEEN MARIZA AND GORONTALO,0.58,0.58,123,123,SUBAERIAL,,,s SN89-46 [2538],GRANITE [2538],,,,,,,,,PLUTONIC ROCK,,,,,WHOLE_ROCK [2538] ,,,,,,,,,,,,,10210.845,,,,,,,,,,,,,,,,,,,,,,,,,,,,,,,,,,,,,,,,,,,,,,,,,,,,,,,,,,,,,,,,,,,,,,,,,,,,,,,,,,,,,,,,,,,,,,,,,,,,,,,,,,,,,,,,,,,,,,,,,,,,,,,,,,,132012,
[2538],CONVERGENT MARGIN,SULAWESI ARC / SULAWESI ARC / NORTH SULAWESI / PACIFIC OCEAN,SE OF SORONGA,0.58,0.58,123,123,SUBAERIAL,,,s SN89-12 [2538],GRANODIORITE [2538],,,,,,,,,PLUTONIC ROCK,,,,,WHOLE_ROCK [2538] ,,,,,,,,,,,,,21583.9,,,,,,,,,,,,,,,,,,,,,,,,,,,,,,,,,,,,,,,,,,,,,,,,,,,,,,,,,,,,,,,,,,,,,,,,,,,,,,,,,,,,,,,,,,,,,,,,,,,,,,,,,,,,,,,,,,,,,,,,,,,,,,,,,,,132013,
[6300],CONVERGENT MARGIN,SULAWESI ARC / SULAWESI ARC / SULAWESI / PACIFIC OCEAN,WESTERN SIDE OF SOUTH SULAWESI,-6,-6,120,120,SUBAERIAL,,,s LBT2 [6300],NOT GIVEN [6300],,,,,,,,,VOLCANIC ROCK,,,,,WHOLE_ROCK [6300] ,295605.89400000003,3775.8419999999996,,91295.7975,,4406.22,24640.41,,30803.569999999996,9648.64,464.6748,,31711.73,36350.993,1702.0419000000002,,,,,,,,,,,,,,,,3900.,,,,,,,,,,,,,,,,,,,,,,,,,,,,8,,92,23,,,,17,33,42,19,,,,,110.5,1064.7,16.6,244.8,19.46,,,,,,,,,,,,,1171,45.41,85.94,9.62,33.76,5.91,1.66,4.59,0.61,2.98,0.57,1.42,0.22,1.36,0.21,,,,,,,,,,,42.64,,23.82,6.29,0.512741,,,0.704403,,18.51,,15.58,,38.49,,,,,,,,,,,,,,,142052,
[6300],CONVERGENT MARGIN,SULAWESI ARC / SULAWESI ARC / SULAWESI / PACIFIC OCEAN,WESTERN SIDE OF SOUTH SULAWESI,-6,-6,120,120,SUBAERIAL,,,s LBT10 [6300],NOT GIVEN [6300],,,,,,,,,VOLCANIC ROCK,,,,,WHOLE_ROCK [6300] ,261062.44750000004,6832.475999999999,,92618.925,,7273.76,40497.33,,47384.61,23880.384,851.9038,,29553.34,32122.4081,2880.3786,,,,,,,,,,,,,,,,2200.,,,,,,,,,,,,,,,,,,,,,,,,,,,,14,,164,48,,,,24,38,62,18,,,,,106.9,1112.1,24.9,286.5,30.19,,,,,,,,,,,,,1093,49.9,98.43,12.09,43.49,7.99,2.21,6.5,0.89,4.39,0.84,2.22,0.32,2.12,0.32,,,,,,,,,,,24.98,,21.11,5.4,0.512782,,,0.704465,,18.51,,15.58,,38.47,,,,,,,,,,,,,,,142053,
[6300],CONVERGENT MARGIN,SULAWESI ARC / SULAWESI ARC / SULAWESI / PACIFIC OCEAN,WESTERN SIDE OF SOUTH SULAWESI,-6,-6,120,120,SUBAERIAL,,,s LBT15 [6300],NOT GIVEN [6300],,,,,,,,,VOLCANIC ROCK,,,,,WHOLE_ROCK [6300] ,289435.75200000004,4135.445999999999,,90713.6214,,4965.74,27438.69,,34948.829999999994,15799.648,464.6748,,25734.65,36202.6216,2007.5366000000001,,,,,,,,,,,,,,,,3200.,,,,,,,,,,,,,,,,,,,,,,,,,,,,10,,100,40,,,,29,46,49,17,,,,,88.6,1132.7,17.5,228.5,16.45,,,,,,,,,,,,,853,36.9,70.76,8.56,30.99,5.56,1.5,4.63,0.61,2.99,0.57,1.45,0.21,1.36,0.21,,,,,,,,,,,34.02,,17.34,4.64,0.512798,,,0.704259,,18.48,,15.58,,38.44,,,,,,,,,,,,,,,142054,
[6300],CONVERGENT MARGIN,SULAWESI ARC / SULAWESI ARC / SULAWESI / PACIFIC OCEAN,WESTERN SIDE OF SOUTH SULAWESI,-6,-6,120,120,SUBAERIAL,,,s LBT96-2 [6300],NOT GIVEN [6300],,,,,,,,,VOLCANIC ROCK,,,,,WHOLE_ROCK [6300] ,243673.86550000004,6712.608,,81822.20460000001,,8182.98,45394.32,,65823.87000000001,48544.72,1006.7954,,22580.08,25668.2522,3054.9469999999997,,,,,,,,,,,,,,,,200.,,,,,,,,,,,,,,,,,,,,,,,,,,,,18,,203,327,,,,94,61,62,17,,,,,73.8,1315.1,23.62,177.9,17.04,,,,,,,,,,,,,1119,42.31,88.2,10.94,42.68,8.1,2.13,6.2,0.83,4.2,0.79,2.11,0.28,1.75,0.26,,,,,,,,,,,25.16,,12.99,3.14,0.512821,,,0.704375,,18.49,,15.57,,38.43,,,,,,,,,,,,,,,142055,
[6300],CONVERGENT MARGIN,SULAWESI ARC / SULAWESI ARC / SULAWESI / PACIFIC OCEAN,WESTERN SIDE OF SOUTH SULAWESI,-6,-6,120,120,SUBAERIAL,,,s LBT101 [6300],NOT GIVEN [6300],,,,,,,,,VOLCANIC ROCK,,,,,WHOLE_ROCK [6300] ,236101.4185,6832.475999999999,,78752.5488,,9232.08,51224.07,,78902.87999999999,54514.81599999999,1161.687,,16353.955,19510.839099999997,3142.2311999999997,,,,,,,,,,,,,,,,9000.,,,,,,,,,,,,,,,,,,,,,,,,,,,,23,,216,442,,,,116,41,74,17,,,,,38.7,1208.3,28.08,205.3,19.53,,,,,,,,,,,,,959,46.04,95.01,11.72,45.72,8.73,2.34,6.92,0.94,4.83,0.93,2.51,0.35,2.14,0.32,,,,,,,,,,,18.21,,10.05,2.23,0.512751,,,0.704551,,18.53,,15.58,,38.5,,,,,,,,,,,,,,,142056,
[6300],CONVERGENT MARGIN,SULAWESI ARC / SULAWESI ARC / SULAWESI / PACIFIC OCEAN,WESTERN SIDE OF SOUTH SULAWESI,-6,-6,120,120,SUBAERIAL,,,s TNV7 [6300],NOT GIVEN [6300],,,,,,,,,VOLCANIC ROCK,,,,,WHOLE_ROCK [6300] ,221096.755,6173.202,,93518.65170000002,,11470.16,63816.33000000001,,76901.72,42514.32,1239.1328,,28225.1,17211.0824,1963.8945,,,,,,,,,,,,,,,,21500.,,,,,,,,,,,,,,,,,,,,,,,,,,,,22,,283,121,,,,61,148,72,16,,,,,103.7,1142.8,18.5,88.1,2.92,,,,,,,,,,,,,679,16.95,37.44,5.36,21.91,5.29,1.62,4.69,0.68,3.46,0.66,1.74,0.25,1.56,0.25,,,,,,,,,,,16.59,,4.46,1.74,0.512797,,,0.70451,,18.43,,15.57,,38.37,,,,,,,,,,,,,,,142057,
[6300],CONVERGENT MARGIN,SULAWESI ARC / SULAWESI ARC / SULAWESI / PACIFIC OCEAN,WESTERN SIDE OF SOUTH SULAWESI,-6,-6,120,120,SUBAERIAL,,,s TNV11 [6300],NOT GIVEN [6300],,,,,,,,,VOLCANIC ROCK,,,,,WHOLE_ROCK [6300] ,218292.14500000002,3176.502,,48267.6912,,10700.82,59463.450000000004,,76044.08,121994.992,1239.1328,,13946.519999999999,10905.2979,1265.6209,,,,,,,,,,,,,,,,17100.,,,,,,,,,,,,,,,,,,,,,,,,,,,,26,,189,1308,,,,644,86,60,5,,,,,55.2,749.8,15.1,56.8,1.9,,,,,,,,,,,,,497,12.58,27.9,3.98,16.76,4.21,1.23,3.93,0.54,2.65,0.52,1.28,0.18,1.14,0.18,,,,,,,,,,,14.9,,3.69,1.39,0.512736,,,0.705117,,18.53,,15.58,,38.47,,,,,,,,,,,,,,,142058,
[6300],CONVERGENT MARGIN,SULAWESI ARC / SULAWESI ARC / SULAWESI / PACIFIC OCEAN,WESTERN SIDE OF SOUTH SULAWESI,-6,-6,120,120,SUBAERIAL,,,s TNV21 [6300],NOT GIVEN [6300],,,,,,,,,VOLCANIC ROCK,,,,,WHOLE_ROCK [6300] ,246431.73200000002,4195.379999999999,,100345.98960000002,,9511.84,52778.67,,44096.99,14955.392,1548.9160000000002,,57612.41,23368.495499999997,2313.0313,,,,,,,,,,,,,,,,40700.,,,,,,,,,,,,,,,,,,,,,,,,,,,,6,,113,5,,,,9,93,77,16,,,,,191.4,1558.9,25.3,160,7.59,,,,,,,,,,,,,1121,39.9,80.85,10.01,37.79,7.82,2.3,6.65,0.92,4.47,0.85,2.2,0.33,2.1,0.33,,,,,,,,,,,41.1,,15.49,5.15,0.512738,,,0.705226,,18.55,,15.59,,38.52,,,,,,,,,,,,,,,142059,
[6300],CONVERGENT MARGIN,SULAWESI ARC / SULAWESI ARC / SULAWESI / PACIFIC OCEAN,WESTERN SIDE OF SOUTH SULAWESI,-6,-6,120,120,SUBAERIAL,,,s SW7 [6300],NOT GIVEN [6300],,,,,,,,,VOLCANIC ROCK,,,,,WHOLE_ROCK [6300] ,229557.3285,4974.521999999999,,70813.7838,,11610.039999999999,64438.16999999999,,85192.24,45469.216,1548.9160000000002,,38435.945,14911.325699999998,1876.6103,,,,,,,,,,,,,,,,,,,,,,,,,,,,,,,,,,,,,,,,,,,,37,,276,,,,,62,,,,,,,,96,888,24.71,113,3.86,,,,,,,,,,,,,720,24.13,52,6.94,29.69,7.12,1.93,6.36,0.87,4.41,0.82,2.15,0.3,1.83,0.27,,,,,,,,,,,23.11,,9.39,3.03,0.512756,,,0.705217,,18.55,,15.58,,38.5,,,,,,,,,,,,,,,142061,
[6300],CONVERGENT MARGIN,SULAWESI ARC / SULAWESI ARC / SULAWESI / PACIFIC OCEAN,WESTERN SIDE OF SOUTH SULAWESI,-6,-6,120,120,SUBAERIAL,,,s SW9 [6300],NOT GIVEN [6300],,,,,,,,,VOLCANIC ROCK,,,,,WHOLE_ROCK [6300] ,302757.6495,5214.258,,81663.4293,,3636.88,20054.34,,20654.83,14050.832,387.22900000000004,,58691.605,24555.4667,785.5577999999999,,,,,,,,,,,,,,,,,,,,,,,,,,,,,,,,,,,,,,,,,,,,9,,50,,,,,32,,,,,,,,330,578,41.36,436,29.79,,,,,,,,,,,,,1032,107.9,204.25,21.43,70.03,11.87,1.51,8.36,1.21,6.46,1.24,3.48,0.5,3.09,0.44,,,,,,,,,,,48.45,,94.05,20.24,0.512381,,,0.711322,,19.14,,15.67,,39.3,,,,,,,,,,,,,,,142070,
[6300],CONVERGENT MARGIN,SULAWESI ARC / SULAWESI ARC / SULAWESI / PACIFIC OCEAN,WESTERN SIDE OF SOUTH SULAWESI,-6,-6,120,120,SUBAERIAL,,,s TNV26 [6300],NOT GIVEN [6300],,,,,,,,,VOLCANIC ROCK,,,,,WHOLE_ROCK [6300] ,249937.4945,4854.654,,99234.5625,,9162.140000000001,51068.61,,58962.75,18633.935999999998,1006.7954,,31711.73,24926.3952,1920.2524,,,,,,,,,,,,,,,,16800.,,,,,,,,,,,,,,,,,,,,,,,,,,,,15,,233,0,,,,6,69,72,17,,,,,68.7,1429.2,22.7,102,3.11,,,,,,,,,,,,,1149,18.87,38.35,4.99,20.45,4.62,1.47,4.54,0.66,3.63,0.76,1.98,0.31,2.01,0.31,,,,,,,,,,,25.32,,5.75,1.42,0.512933,,,0.703851,,18.4,,15.56,,38.38,,,,,,,,,,,,,,,142071,
[6300],CONVERGENT MARGIN,SULAWESI ARC / SULAWESI ARC / SULAWESI / PACIFIC OCEAN,WESTERN SIDE OF SOUTH SULAWESI,-6,-6,120,120,SUBAERIAL,,,s TMVYNV27 [6300],NOT GIVEN [6300],,,,,,,,,VOLCANIC ROCK,,,,,WHOLE_ROCK [6300] ,234745.85700000002,4794.72,,93942.0525,,10071.359999999999,55965.6,,64180.060000000005,39197.6,1239.1328,,26066.710000000003,24184.5382,2443.9576,,,,,,,,,,,,,,,,21200.,,,,,,,,,,,,,,,,,,,,,,,,,,,,14,,251,0,,,,6,83,70,17,,,,,24.1,1739.7,21.9,90.3,2.85,,,,,,,,,,,,,1206,20.64,41.9,5.65,22.71,5.21,1.68,4.87,0.71,3.84,0.77,2.08,0.31,1.99,0.31,,,,,,,,,,,27.7,,5.95,1.75,,,,,,,,,,,,,,,,,,,,,,,,,142072,
[6300],CONVERGENT MARGIN,SULAWESI ARC / SULAWESI ARC / SULAWESI / PACIFIC OCEAN,WESTERN SIDE OF SOUTH SULAWESI,-6,-6,120,120,SUBAERIAL,,,s TNV27 [6300],NOT GIVEN [6300],,,,,,,,,VOLCANIC ROCK,,,,,WHOLE_ROCK [6300] ,,,,,,,,,,,,,,,,,,,,,,,,,,,,,,,,,,,,,,,,,,,,,,,,,,,,,,,,,,,,,,,,,,,,,,,,,,24.1,1739.7,,,,,,,,,,,,,,,,,,,,,,,,,,,,,,,,,,,,,,,,,,,,,0.512913,,,0.703908,,18.4,,15.56,,38.33,,,,,,,,,,,,,,,142176,
[6300],CONVERGENT MARGIN,SULAWESI ARC / SULAWESI ARC / SULAWESI / PACIFIC OCEAN,WESTERN SIDE OF SOUTH SULAWESI,-6,-6,120,120,SUBAERIAL,,,s TNV11_UNLEACHED [6300],NOT GIVEN [6300],,,,,,,,,VOLCANIC ROCK,,,,,WHOLE_ROCK [6300] ,,,,,,,,,,,,,,,,,,,,,,,,,,,,,,,,,,,,,,,,,,,,,,,,,,,,,,,,,,,,,,,,,,,,,,,,,,,,,,,,,,,,,,,,,,,,,,,,,,,,,,,,,,,,,,,,,,,,,,,,0.51273,,,0.705186,,,,,,,,,,,,,,,,,,,,,142177,
[6300],CONVERGENT MARGIN,SULAWESI ARC / SULAWESI ARC / SULAWESI / PACIFIC OCEAN,WESTERN SIDE OF SOUTH SULAWESI,-6,-6,120,120,SUBAERIAL,,,s TNV11_LEACHATE [6300],NOT GIVEN [6300],,,,,,,,,VOLCANIC ROCK,,,,,WHOLE_ROCK [6300] ,,,,,,,,,,,,,,,,,,,,,,,,,,,,,,,,,,,,,,,,,,,,,,,,,,,,,,,,,,,,,,,,,,,,,,,,,,,,,,,,,,,,,,,,,,,,,,,,,,,,,,,,,,,,,,,,,,,,,,,,,,,0.704874,,,,,,,,,,,,,,,,,,,,,142178,
[6300],CONVERGENT MARGIN,SULAWESI ARC / SULAWESI ARC / SULAWESI / PACIFIC OCEAN,WESTERN SIDE OF SOUTH SULAWESI,-6,-6,120,120,SUBAERIAL,,,s TNV19 [6300],NOT GIVEN [6300],,,,,,,,,VOLCANIC ROCK,,,,,WHOLE_ROCK [6300] ,,,,,,,,,,,,,,,,,,,,,,,,,,,,,,,,,,,,,,,,,,,,,,,,,,,,,,,,,,,,,,,,,,,,,,,,,,141.3,1141.9,,,,,,,,,,,,,,,,,,,,,,,,,,,,,,,,,,,,,,,,,,,,,0.512763,,,0.70469,,18.49,,15.58,,38.42,,,,,,,,,,,,,,,142179,
[6300],CONVERGENT MARGIN,SULAWESI ARC / SULAWESI ARC / SULAWESI / PACIFIC OCEAN,WESTERN SIDE OF SOUTH SULAWESI,-6,-6,120,120,SUBAERIAL,,,s TNV96-2 [6300],NOT GIVEN [6300],,,,,,,,,VOLCANIC ROCK,,,,,WHOLE_ROCK [6300] ,,,,,,,,,,,,,,,,,,,,,,,,,,,,,,,,,,,,,,,,,,,,,,,,,,,,,,,,,,,,,,,,,,,,,,,,,,84.5,927.1,,,,,,,,,,,,,,,,,,,,,,,,,,,,,,,,,,,,,,,,,,,,,0.512821,,,0.7045,,18.48,,15.57,,38.41,,,,,,,,,,,,,,,142180,
[6300],CONVERGENT MARGIN,SULAWESI ARC / SULAWESI ARC / SULAWESI / PACIFIC OCEAN,WESTERN SIDE OF SOUTH SULAWESI,-6,-6,120,120,SUBAERIAL,,,s SW1 [6300],NOT GIVEN [6300],,,,,,,,,VOLCANIC ROCK,,,,,WHOLE_ROCK [6300] ,,,,,,,,,,,,,,,,,,,,,,,,,,,,,,,,,,,,,,,,,,,,,,,,,,,,,,,,,,,,,,,,,,,,,,,,,,59,812,,,,,,,,,,,,,,,,,,,,,,,,,,,,,,,,,,,,,,,,,,,,,0.512798,,,0.704625,,18.48,,15.58,,38.4,,,,,,,,,,,,,,,142181,
[6300],CONVERGENT MARGIN,SULAWESI ARC / SULAWESI ARC / SULAWESI / PACIFIC OCEAN,WESTERN SIDE OF SOUTH SULAWESI,-6,-6,120,120,SUBAERIAL,,,s SW2 [6300],NOT GIVEN [6300],,,,,,,,,VOLCANIC ROCK,,,,,WHOLE_ROCK [6300] ,,,,,,,,,,,,,,,,,,,,,,,,,,,,,,,,,,,,,,,,,,,,,,,,,,,,,,,,,,,,,,,,,,,,,,,,,,82,960,,,,,,,,,,,,,,,,,,,,,,,,,,,,,,,,,,,,,,,,,,,,,0.512796,,,0.704645,,18.47,,15.58,,38.4,,,,,,,,,,,,,,,142182,
[6300],CONVERGENT MARGIN,SULAWESI ARC / SULAWESI ARC / SULAWESI / PACIFIC OCEAN,WESTERN SIDE OF SOUTH SULAWESI,-6,-6,120,120,SUBAERIAL,,,s SW3 [6300],NOT GIVEN [6300],,,,,,,,,VOLCANIC ROCK,,,,,WHOLE_ROCK [6300] ,,,,,,,,,,,,,,,,,,,,,,,,,,,,,,,,,,,,,,,,,,,,,,,,,,,,,,,,,,,,,,,,,,,,,,,,,,202,1071,,,,,,,,,,,,,,,,,,,,,,,,,,,,,,,,,,,,,,,,,,,,,0.512576,,,0.706102,,18.75,,15.63,,38.83,,,,,,,,,,,,,,,142183,
[6300],CONVERGENT MARGIN,SULAWESI ARC / SULAWESI ARC / SULAWESI / PACIFIC OCEAN,WESTERN SIDE OF SOUTH SULAWESI,-6,-6,120,120,SUBAERIAL,,,s SW4 [6300],NOT GIVEN [6300],,,,,,,,,VOLCANIC ROCK,,,,,WHOLE_ROCK [6300] ,,,,,,,,,,,,,,,,,,,,,,,,,,,,,,,,,,,,,,,,,,,,,,,,,,,,,,,,,,,,,,,,,,,,,,,,,,194,975,,,,,,,,,,,,,,,,,,,,,,,,,,,,,,,,,,,,,,,,,,,,,0.512555,,,0.706109,,18.74,,15.63,,38.82,,,,,,,,,,,,,,,142184,
[6300],CONVERGENT MARGIN,SULAWESI ARC / SULAWESI ARC / SULAWESI / PACIFIC OCEAN,WESTERN SIDE OF SOUTH SULAWESI,-6,-6,120,120,SUBAERIAL,,,s SW4_LEACHATE [6300],NOT GIVEN [6300],,,,,,,,,VOLCANIC ROCK,,,,,WHOLE_ROCK [6300] ,,,,,,,,,,,,,,,,,,,,,,,,,,,,,,,,,,,,,,,,,,,,,,,,,,,,,,,,,,,,,,,,,,,,,,,,,,,,,,,,,,,,,,,,,,,,,,,,,,,,,,,,,,,,,,,,,,,,,,,,0.512566,,,0.706077,,,,,,,,,,,,,,,,,,,,,142185,
[6300],CONVERGENT MARGIN,SULAWESI ARC / SULAWESI ARC / SULAWESI / PACIFIC OCEAN,WESTERN SIDE OF SOUTH SULAWESI,-6,-6,120,120,SUBAERIAL,,,s LBT13 [6300],NOT GIVEN [6300],,,,,,,,,VOLCANIC ROCK,,,,,WHOLE_ROCK [6300] ,,,,,,,,,,,,,,,,,,,,,,,,,,,,,,,,,,,,,,,,,,,,,,,,,,,,,,,,,,,,,,,,,,,,,,,,,,,,,,,,,,,,,,,,,,,,,,,,,,,,,,,,,,,,,,,,,,,,,,,,0.51279,,,0.70414,,18.49,,15.57,,38.44,,,,,,,,,,,,,,,142187,
[6300],CONVERGENT MARGIN,SULAWESI ARC / SULAWESI ARC / SULAWESI / PACIFIC OCEAN,WESTERN SIDE OF SOUTH SULAWESI,-6,-6,120,120,SUBAERIAL,,,s LBT96-4 [6300],NOT GIVEN [6300],,,,,,,,,VOLCANIC ROCK,,,,,WHOLE_ROCK [6300] ,,,,,,,,,,,,,,,,,,,,,,,,,,,,,,,,,,,,,,,,,,,,,,,,,,,,,,,,,,,,,,,,,,,,,,,,,,46.5,1353.8,,,,,,,,,,,,,,,,,,,,,,,,,,,,,,,,,,,,,,,,,,,,,0.512761,,,0.704426,,18.44,,15.57,,38.39,,,,,,,,,,,,,,,142188,
[5803],CONVERGENT MARGIN,SULAWESI ARC / CELEBES SEA / SITE 770 / PACIFIC OCEAN,HOLE 770C,5.1448,5.1448,123.6685,123.6685,SUBAQUATIC,-4516.2,-4516.2,"s 124-770C-12R-2,38-41 [5803]",BASALT [5803],50000000 [5803],50000000 [5803],,,,,,,VOLCANIC ROCK,,,,,WHOLE_ROCK [5803] ,221751.16400000002,7731.486,,79705.20060000001,,,,72133.43999999999,81118.45,50715.664,1471.4702,,1909.345,17656.1966,523.7052,,,,,,,,,,,,,,,,29800.,,,,,,,,,,,,,,,,,,,,,,,,,,,,,,,,,,,,,,,,,,,2.9,102,23.8,52,2.49,,,,,,,,,,,,,6,3.34,9.74,1.59,8.8,3.08,1.15,4.19,0.71,4.64,0.98,2.71,0.39,2.5,0.36,1.36,0.15,,,,,,,,,0.18,,0.16,0.05,0.51302,,,0.703512,,17.978,,15.596,,38.131,,,,,,,,0.283109,,,,,,,142763,
[6348],CONVERGENT MARGIN,SULAWESI ARC / SULAWESI ARC / SULAWESI / PAPAYATO VOLCANICS / PACIFIC OCEAN,NORTHERN SULAWESI,0.8,0.8,121.3,121.3,SUBAERIAL,,,s NWS252 [6348],NOT GIVEN [6348],,,,,,,,,VOLCANIC ROCK,,,,,WHOLE_ROCK [6348] ,352445.99000000005,719.208,,66156.375,,,,16401.03,1929.69,2834.2879999999996,387.22900000000004,,25485.605,29600.0943,130.9263,,,,,,,,,,,,,,,,11900.,,,,,,,,,,,,,,,,,,,,,,,,,,,,13,,11,170,,,3,14,,47,15,,,,,23,51,85,156,1.1,,,,,,,,,,,,0.24,198,12.38,17.64,3.87,22.15,7.6,1.05,9.93,1.91,13.63,2.95,9.51,1.44,9.67,1.53,5.55,0.05,,,,,,,,,,,1.72,0.46,,,,,,,,,,,,,,,,,,,,,,,,,145450,
[6348],CONVERGENT MARGIN,SULAWESI ARC / SULAWESI ARC / SULAWESI / PAPAYATO VOLCANICS / PACIFIC OCEAN,NORTHERN SULAWESI,0.8,0.8,121.3,121.3,SUBAERIAL,,,s NWS41B [6348],NOT GIVEN [6348],,,,,,,,,VOLCANIC ROCK,,,,,WHOLE_ROCK [6348] ,239794.155,5034.455999999999,,84680.16,,,,79750.98,55031.9,44624.96,2710.6029999999996,,2407.435,17804.568,305.4947,,,,,,,,,,,,,,,,23900.,,,,,,,,,,,,,,,,,,,,,,,,,,,,47,,,52,,,35,13,44,19,16,,,,,2,109,16,32,1.1,,,,,,,,,,,,0.08,21,1.85,4.98,0.72,4.22,1.61,0.63,2.27,0.41,2.87,0.62,1.93,0.28,1.83,0.3,0.99,0.04,,,,,,,,,5,,0.57,0.08,,,,,,,,,,,,,,,,,,,,,,,,,145451,
[6348],CONVERGENT MARGIN,SULAWESI ARC / SULAWESI ARC / SULAWESI / PAPAYATO VOLCANICS / PACIFIC OCEAN,NORTHERN SULAWESI,0.8,0.8,121.3,121.3,SUBAERIAL,,,s NWS540 [6348],NOT GIVEN [6348],,,,,,,,,VOLCANIC ROCK,,,,,WHOLE_ROCK [6348] ,343938.673,3236.436,,62134.06740000001,,,,31791.57,21655.41,3799.1519999999996,1084.2412000000002,,4565.825000000001,29303.3515,567.3473,,,,,,,,,,,,,,,,15800.,,,,,,,,,,,,,,,,,,,,,,,,,,,,37,,26,77,,,2,,,60,13,,,,,6,149,38,93,,,,,,,,,,,,,,53,4.7,13,2.29,12,3.9,1.35,5,0.9,6.3,1.4,4.1,0.66,4.1,0.67,2.8,,,,,,,,,,,,0.5,,,,,,,,,,,,,,,,,,,,,,,,,,145452,
[6348],CONVERGENT MARGIN,SULAWESI ARC / SULAWESI ARC / SULAWESI / TOLI-TOLI / PACIFIC OCEAN,,1.1,1.1,120.8,120.8,SUBAERIAL,,,s NWS68A [6348],NOT GIVEN [6348],,,,,,,,,VOLCANIC ROCK,,,,,WHOLE_ROCK [6348] ,235587.24000000002,5693.73,,86267.913,,,,53711.43,62536.25,46735.6,1239.1328,,332.06,30341.951299999997,567.3473,,,,,,,,,,,,,,,,28400.,,,,,,,,,,,,,,,,,,,,,,,,,,,,35,,198,330,,,23,92,135,61,14,,,,,2,120,20,26,1.2,,,,,,,,,,,,0.48,28,4.26,11.95,1.87,9.36,2.74,0.9,3.03,0.54,3.29,0.74,1.83,0.26,1.71,0.28,1.11,0.11,,,,,,,,,13,,0.28,0.15,,,,,,,,,,,,,,,,,,,,,,,,,145453,
[6348],CONVERGENT MARGIN,SULAWESI ARC / SULAWESI ARC / SULAWESI / TOLI-TOLI / PACIFIC OCEAN,,1.1,1.1,120.8,120.8,SUBAERIAL,,,s NWS66B [6348],NOT GIVEN [6348],,,,,,,,,VOLCANIC ROCK,,,,,WHOLE_ROCK [6348] ,245403.37500000003,7971.222,,97382.184,,,,56509.71,39737.32,27076.496,1161.687,,11290.04,37537.964199999995,2705.8102,,,,,,,,,,,,,,,,36500.,,,,,,,,,,,,,,,,,,,,,,,,,,,,31,,235,118,,,22,49,33,82,15,,,,,22,448,16,125,16.5,,,,,,,,,,,,1.2,207,9.83,16.8,2.17,9.32,2.23,0.93,2.51,0.48,2.98,0.61,1.82,0.29,1.88,0.28,2.9,1.3,,,,,,,,,6,,1.1,0.35,,,,,,,,,,,,,,,,,,,,,,,,,145454,
[6348],CONVERGENT MARGIN,SULAWESI ARC / SULAWESI ARC / SULAWESI / TINOMBO / PACIFIC OCEAN,,0.5,0.5,120.3,120.3,SUBAERIAL,,,s NWS322 [6348],NOT GIVEN [6348],,,,,,,,,VOLCANIC ROCK,,,,,WHOLE_ROCK [6348] ,271112.30000000005,2936.7659999999996,,89972.67,,,,40575.06,53459.560000000005,27197.103999999996,1161.687,,2407.435,24036.1668,698.2736,,,,,,,,,,,,,,,,28900.,,,,,,,,,,,,,,,,,,,,,,,,,,,,15,,120,148,,,15,40,45,43,18,,,,,3,530,15,64,0.7,,,,,,,,,,,,1.02,62,5.27,13.66,1.67,9.16,2.17,0.77,2.24,0.37,2.37,0.48,1.59,0.22,1.68,0.3,2.19,0.07,,,,,,,,,,,0.45,0.18,,,,,,,,,,,,,,,,,,,,,,,,,145455,
[6348],CONVERGENT MARGIN,SULAWESI ARC / SULAWESI ARC / SULAWESI / TINOMBO / PACIFIC OCEAN,,0.5,0.5,120.3,120.3,SUBAERIAL,,,s NWS325 [6348],NOT GIVEN [6348],,,,,,,,,VOLCANIC ROCK,,,,,WHOLE_ROCK [6348] ,226705.975,4315.248,,96323.682,,,,63816.33000000001,80332.28,36242.704,1316.5786,,1328.24,19436.6534,392.77889999999996,,,,,,,,,,,,,,,,26000.,,,,,,,,,,,,,,,,,,,,,,,,,,,,38,,313,109,,,31,27,103,54,18,,,,,5,378,17,41,0.1,,,,,,,,,,,,0.7,70,2.2,6.4,0.9,5.9,1.9,0.64,2.4,0.4,2.9,0.6,1.9,0.29,1.9,0.32,1.3,0.03,,,,,,,,,,,0.76,0.1,,,,,,,,,,,,,,,,,,,,,,,,,145456,
[6348],CONVERGENT MARGIN,SULAWESI ARC / SULAWESI ARC / SULAWESI / TINOMBO / PACIFIC OCEAN,,0.5,0.5,120.3,120.3,SUBAERIAL,,,s NWS45 [6348],NOT GIVEN [6348],,,,,,,,,VOLCANIC ROCK,,,,,WHOLE_ROCK [6348] ,233250.065,4614.918,,85209.41100000001,,,,57597.93,49671.65,50353.84,1316.5786,,3569.645,33754.4935,741.9157,,,,,,,,,,,,,,,,47699.99999999999,,,,,,,,,,,,,,,,,,,,,,,,,,,,,,,40,,,36,56,27,51,,,,,,7,629,19,66,3,,,,,,,,,,,,0.5,121,7.72,15.3,,10.8,2.88,1.02,,0.54,,0.78,,0.38,2.15,0.25,1.6,0.3,,,,,,,,,24,,1.45,0.36,,,,,,,,,,,,,,,,,,,,,,,,,145457,
[6348],CONVERGENT MARGIN,SULAWESI ARC / SULAWESI ARC / SULAWESI / TINOMBO / PACIFIC OCEAN,,0.5,0.5,120.3,120.3,SUBAERIAL,,,s TNB3 [6348],NOT GIVEN [6348],,,,,,,,,VOLCANIC ROCK,,,,,WHOLE_ROCK [6348] ,256154.38,4914.588,,93677.427,,,,58997.07,11935.49,28222.271999999997,6970.122,,2905.5249999999996,51484.8758,1047.4104,,,,,,,,,,,,,,,,38200.,,,,,,,,,,,,,,,,,,,,,,,,,,,,,,,596,,,26,61,132,123,16,,,,,6,365,17,73,4.6,,,,,,,,,,,,0.32,123,6.05,11.82,1.51,7.94,2.26,0.72,2.45,0.44,2.89,0.62,1.83,0.29,1.87,0.27,2.07,0.31,,,,,,,,,8,,1.13,0.79,,,,,,,,,,,,,,,,,,,,,,,,,145458,
[6348],CONVERGENT MARGIN,SULAWESI ARC / SULAWESI ARC / SULAWESI / TINOMBO / PACIFIC OCEAN,,0.5,0.5,120.3,120.3,SUBAERIAL,,,s TNB19 [6348],NOT GIVEN [6348],,,,,,,,,PLUTONIC ROCK,,,,,WHOLE_ROCK [6348] ,225771.105,3176.502,,89972.67,,,,41741.01,84263.12999999999,53369.03999999999,851.9038,,5562.005,19214.096299999997,523.7052,,,,,,,,,,,,,,,,42100.,,,,,,,,,,,,,,,,,,,,,,,,,,,,33,,140,459,,,32,128,21,37,15,,,,,20,446,13,52,3.2,,,,,,,,,,,,0.64,88,6.37,14.13,1.56,7.85,2.1,0.73,2.13,0.36,2.43,0.5,1.43,0.2,1.43,0.24,1.34,0.2,,,,,,,,,,,1.23,0.28,,,,,,,,,,,,,,,,,,,,,,,,,145459,
[6348],CONVERGENT MARGIN,SULAWESI ARC / SULAWESI ARC / SULAWESI / TINOMBO / PACIFIC OCEAN,,0.5,0.5,120.3,120.3,SUBAERIAL,,,s NWS25 [6348],NOT GIVEN [6348],,,,,,,,,PLUTONIC ROCK,,,,,WHOLE_ROCK [6348] ,273916.91000000003,4794.72,,92618.925,,,,48969.9,50029,20503.359999999997,1084.2412000000002,,9629.74,22626.638499999997,610.9894,,,,,,,,,,,,,,,,10000,,,,,,,,,,,,,,,,,,,,,,,,,,,,,,,57,,,17,13,5,80,,,,,,35,293,35,125,6,,,,,,,,,,,,1.49,273,19,35.9,4.59,20.5,5,2,5.78,1.04,5.99,1.34,3.44,0.61,3.49,0.31,3.4,0.56,,,,,,,,,17,,6.45,0.62,,,,,,,,,,,,,,,,,,,,,,,,,145460,
[6348],CONVERGENT MARGIN,SULAWESI ARC / SULAWESI ARC / SULAWESI / TINOMBO / PACIFIC OCEAN,,0.5,0.5,120.3,120.3,SUBAERIAL,,,s NWS53 [6348],NOT GIVEN [6348],,,,,,,,,PLUTONIC ROCK,,,,,WHOLE_ROCK [6348] ,255686.94500000004,5813.597999999999,,94735.92899999999,,,,55266.030000000006,58605.399999999994,24121.6,1084.2412000000002,,7554.365000000001,22997.567,872.8420000000001,,,,,,,,,,,,,,,,16600.,,,,,,,,,,,,,,,,,,,,,,,,,,,,,,,57,,,17,13,18,85,,,,,,27,315,23,137,7,,,,,,,,,,,,0.62,158,15.3,30.5,,18,3.93,1.15,,0.62,,0.76,,0.23,2.64,,3.71,0.54,,,,,,,,,14,,3.95,0.46,,,,,,,,,,,,,,,,,,,,,,,,,145461,
[6348],CONVERGENT MARGIN,SULAWESI ARC / SULAWESI ARC / SULAWESI / PACIFIC OCEAN,TONDOPADO,-0.25,-0.25,119.9,119.9,SUBAERIAL,,,s NWS9 [6348],DIORITE [6348],,,,,,,,,PLUTONIC ROCK,,,,,WHOLE_ROCK [6348] ,238391.85,5813.597999999999,,102145.44300000001,,,,58064.31,75043.5,26533.760000000002,774.4580000000001,,3154.57,24110.3525,610.9894,,,,,,,,,,,,,,,,13000.,,,,,,,,,,,,,,,,,,,,,,,,,,,,29,,,57,,,27,15,90,26,18,,,,,13,317,20,72,3.5,,,,,,,,,,,,1.2,80,6.18,14.91,1.82,9.22,2.74,0.97,3.03,0.53,3.45,0.71,2.21,0.32,2.12,0.34,2.01,0.2,,,,,,,,,,,2.14,0.29,,,,,,,,,,,,,,,,,,,,,,,,,145462,
[6348],CONVERGENT MARGIN,SULAWESI ARC / SULAWESI ARC / SULAWESI / PACIFIC OCEAN,RENANGKALI,-0.25,-0.25,119.95,119.95,SUBAERIAL,,,s NWS557 [6348],GRANITE [6348],,,,,,,,,PLUTONIC ROCK,,,,,WHOLE_ROCK [6348] ,303832.75,1977.822,,93783.2772,,,,21842.13,30946.510000000002,9648.64,464.6748,,9795.769999999999,33235.1936,436.42100000000005,,,,,,,,,,,,,,,,6500.,,,,,,,,,,,,,,,,,,,,,,,,,,,,7,,50,313,,,7,19,,40,17,,,,,36,501,10,113,2,,,,,,,,,,,,4.1,104,7.5,16,1.96,8.1,1.8,0.74,1.8,0.3,1.7,0.4,1,0.15,1.1,0.17,2.9,0.3,,,,,,,,,,,3.5,1.7,,,,,,,,,,,,,,,,,,,,,,,,,145463,
[6348],CONVERGENT MARGIN,SULAWESI ARC / SULAWESI ARC / SULAWESI / PACIFIC OCEAN,BOLANO,0.4,0.4,120.9,120.9,SUBAERIAL,,,s NWS40 [6348],ANDESITE [6348],,,,,,,,,VOLCANIC ROCK,,,,,WHOLE_ROCK [6348] ,289809.7,1917.888,,87855.66600000001,,,,30081.510000000002,33948.25,13508.096000000001,774.4580000000001,,10708.935,29377.5372,872.8420000000001,,,,,,,,,,,,,,,,46500.,,,,,,,,,,,,,,,,,,,,,,,,,,,,12,,99,21,,,10,,12,,17,,,,,19,380,7,44,,,,,,,,,,,,,0.53,218,4.25,9.2,1.08,4.9,1.2,0.5,1.23,0.21,1.27,0.27,0.78,0.11,0.79,0.13,1.51,,,,,,,,,,,,1.17,0.41,,,,,,,,,,,,,,,,,,,,,,,,,145464,
[6348],CONVERGENT MARGIN,SULAWESI ARC / SULAWESI ARC / SULAWESI / PACIFIC OCEAN,,-1.5,1,119.4,121,SUBAERIAL,,,s NWS737 [6348],NOT GIVEN [6348],,,,,,,,,VOLCANIC ROCK,,,,,WHOLE_ROCK [6348] ,260361.29500000004,4315.248,,95794.43100000001,,,,44694.75,40309.079999999994,17548.464,774.4580000000001,,38103.885,27003.5948,2269.3892,,,,,,,,,,,,,,,,18500.,,,,,,,,,,,,,,,,,,,,,,,,,,,,17,,208,100,,,13,223,76,53,15,,,,,88,1310,8,106,7.3,,,,,,,,,,,,1,2270,10.8,17.5,2.12,8.6,1.86,0.76,1.75,0.28,1.57,0.32,0.91,0.13,0.91,0.14,2.8,0.5,,,,,,,,,11,,4.21,0.79,,,,,,,,,,,,,,,,,,,,,,,,,145465,
[6348],CONVERGENT MARGIN,SULAWESI ARC / SULAWESI ARC / SULAWESI / PACIFIC OCEAN,,-1.5,1,119.4,121,SUBAERIAL,,,s NWS217 [6348],NOT GIVEN [6348],,,,,,,,,VOLCANIC ROCK,,,,,WHOLE_ROCK [6348] ,266905.385,4914.588,,90501.92100000002,,,,44306.1,39880.26,23880.384,774.4580000000001,,30051.43,19585.0248,916.4841,,,,,,,,,,,,,,,,11700.,,,,,,,,,,,,,,,,,,,,,,,,,,,,18,,125,101,,,21,33,24,59,20,,,,,154,343,25,198,14.2,,,,,,,,,,,,9,806,40.2,75.2,6.99,31.1,5.7,1.29,4.9,0.7,4.4,0.8,2.6,0.37,2.3,0.37,5.8,1.44,,,,,,,,,33,,20.64,5.18,,,,,,,,,,,,,,,,,,,,,,,,,145466,
[6348],CONVERGENT MARGIN,SULAWESI ARC / SULAWESI ARC / SULAWESI / PACIFIC OCEAN,,-1.5,1,119.4,121,SUBAERIAL,,,s NWS376 [6348],NOT GIVEN [6348],,,,,,,,,VOLCANIC ROCK,,,,,WHOLE_ROCK [6348] ,233250.065,6113.268,,50808.096,,,,51379.530000000006,47384.61,67842.,1471.4702,,48729.805,6899.2701,4495.1363,,,,,,,,,,,,,,,,50300.,,,,,,,,,,,,,,,,,,,,,,,,,,,,19,,131,636,,,40,433,90,99,16,,,,,313,904,21,350,17,,,,,,,,,,,,10.7,3913,50.6,112.2,11.65,50.2,9.4,3.83,9.2,0.9,4.1,0.7,2.4,0.21,1.4,0.25,9.4,1.15,,,,,,,,,130,,31,6.4,,,,,,,,,,,,,,,,,,,,,,,,,145467,
[6348],CONVERGENT MARGIN,SULAWESI ARC / SULAWESI ARC / SULAWESI / PACIFIC OCEAN,,-1.5,1,119.4,121,SUBAERIAL,,,s MKE1 [6348],NOT GIVEN [6348],,,,,,,,,VOLCANIC ROCK,,,,,WHOLE_ROCK [6348] ,237924.415,5034.455999999999,,60334.614,,,,63505.409999999996,57104.53,70435.072,1161.687,,39183.079999999994,12759.9404,2574.8839,,,,,,,,,,,,,,,,5000.,,,,,,,,,,,,,,,,,,,,,,,,,,,,28,,177,772,,,58,399,79,70,19,,,,,308,725,26,157,11.2,,,,,,,,,,,,17.1,1891,47.1,94,9.73,48.2,8.7,1.91,7,0.9,4.8,0.9,2.5,0.33,2.1,0.32,4.5,0.66,,,,,,,,,11,,24,6.33,,,,,,,,,,,,,,,,,,,,,,,,,145468,
[6348],CONVERGENT MARGIN,SULAWESI ARC / SULAWESI ARC / SULAWESI / PACIFIC OCEAN,,-1.5,1,119.4,121,SUBAERIAL,,,s NWS316 [6348],NOT GIVEN [6348],,,,,,,,,VOLCANIC ROCK,,,,,WHOLE_ROCK [6348] ,241196.46000000002,5993.4,,66156.375,,,,55654.68,51458.4,47398.943999999996,1084.2412000000002,,48397.745,12611.569,4887.9152,,,,,,,,,,,,,,,,16900.,,,,,,,,,,,,,,,,,,,,,,,,,,,,25,,177,360,,,32,118,10,44,19,,,,,201,1192,33,264,15.5,,,,,,,,,,,,3.4,5075,101.6,194.2,18.62,85.4,14.3,2.13,10.5,1.3,6.5,1.1,3.1,0.39,2.5,0.4,7,0.7,,,,,,,,,6,,34.52,5.68,,,,,,,,,,,,,,,,,,,,,,,,,145469,
[6348],CONVERGENT MARGIN,SULAWESI ARC / SULAWESI ARC / SULAWESI / PACIFIC OCEAN,,-1.5,1,119.4,121,SUBAERIAL,,,s NWS411 [6348],NOT GIVEN [6348],,,,,,,,,VOLCANIC ROCK,,,,,WHOLE_ROCK [6348] ,265970.515,4854.654,,74624.391,,,,40730.520000000004,30231.81,14171.44,542.1206000000001,,62842.355,14466.2115,2443.9576,,,,,,,,,,,,,,,,44600.,,,,,,,,,,,,,,,,,,,,,,,,,,,,15,,125,112,,,13,17,35,74,21,,,,,353,597,23,291,17,,,,,,,,,,,,3.3,1700,47,94,10.7,41,7.9,1.65,6.2,0.8,4.2,0.8,2.1,0.32,2,0.28,7.7,1,,,,,,,,,36,,33,5.6,,,,,,,,,,,,,,,,,,,,,,,,,145470,
[6348],CONVERGENT MARGIN,SULAWESI ARC / SULAWESI ARC / SULAWESI / PACIFIC OCEAN,,-1.5,1,119.4,121,SUBAERIAL,,,s NWS511 [6348],NOT GIVEN [6348],,,,,,,,,VOLCANIC ROCK,,,,,WHOLE_ROCK [6348] ,233717.50000000003,5214.258,,84680.16,,,,64593.630000000005,61607.13999999999,25991.023999999998,2013.5908,,36194.54,18843.1678,2487.5996999999998,,,,,,,,,,,,,,,,18200.,,,,,,,,,,,,,,,,,,,,,,,,,,,,26,,285,85,,,29,44,155,297,19,,,,,121,1380,23,152,12,,,,,,,,,,,,2.6,3740,55,99,11.5,42,7,1.8,6.6,0.8,3.9,0.8,2.1,0.29,1.8,0.25,4.2,0.6,,,,,,,,,65,,26,3.9,,,,,,,,,,,,,,,,,,,,,,,,,145471,
[6348],CONVERGENT MARGIN,SULAWESI ARC / SULAWESI ARC / SULAWESI / PACIFIC OCEAN,,-1.5,1,119.4,121,SUBAERIAL,,,s NWS639 [6348],NOT GIVEN [6348],,,,,,,,,VOLCANIC ROCK,,,,,WHOLE_ROCK [6348] ,227640.84500000003,6532.8060000000005,,61922.367,,,,73765.77,77544.95,61329.168,1316.5786,,31296.655,11424.5978,4538.7784,,,,,,,,,,,,,,,,5800.,,,,,,,,,,,,,,,,,,,,,,,,,,,,39,,239,431,,,40,140,71,71,15,,,,,192,933,26,132,10,,,,,,,,,,,,12.3,2780,49.2,100,12.6,52,10.4,2.42,8.2,1.1,5.6,1,2.5,0.35,2.1,0.3,3.9,0.7,,,,,,,,,27,,25.1,6.1,,,,,,,,,,,,,,,,,,,,,,,,,145472,
[6348],CONVERGENT MARGIN,SULAWESI ARC / SULAWESI ARC / SULAWESI / PACIFIC OCEAN,,-1.5,1,119.4,121,SUBAERIAL,,,s NWS910 [6348],NOT GIVEN [6348],,,,,,,,,VOLCANIC ROCK,,,,,WHOLE_ROCK [6348] ,276721.52,4435.116,,88914.168,,,,46638,39308.5,17970.592,929.3496,,52133.420000000006,26781.037699999997,2138.4629,,,,,,,,,,,,,,,,7800.,,,,,,,,,,,,,,,,,,,,,,,,,,,,17,,132,112,,,16,26,30,62,18,,,,,224,1270,28,268,15,,,,,,,,,,,,18.8,2180,51.8,98.6,12.2,47,9.1,2.74,7.8,1,5,0.9,2.5,0.36,2.1,0.33,6,1,,,,,,,,,66,,26.7,9.3,,,,,,,,,,,,,,,,,,,,,,,,,145473,
[6348],CONVERGENT MARGIN,SULAWESI ARC / SULAWESI ARC / SULAWESI / PACIFIC OCEAN,,-1.5,1,119.4,121,SUBAERIAL,,,s NWS401 [6348],NOT GIVEN [6348],,,,,,,,,VOLCANIC ROCK,,,,,WHOLE_ROCK [6348] ,261296.165,3596.0399999999995,,77482.34640000001,,,,41196.9,37736.16,19478.192,929.3496,,48812.82,21736.4101,2138.4629,,,,,,,,,,,,,,,,43099.99999999999,,,,,,,,,,,,,,,,,,,,,,,,,,,,18,,124,135,,,15,34,41,61,18,,,,,323,593,23,264,17,,,,,,,,,,,,13,981,51,93,10.5,39,7,1.5,5.9,0.8,3.9,0.7,2.2,0.34,2,0.3,7.7,1.8,,,,,,,,,45,,49,12,,,,,,,,,,,,,,,,,,,,,,,,,145474,
[6348],CONVERGENT MARGIN,SULAWESI ARC / SULAWESI ARC / SULAWESI / PACIFIC OCEAN,,-1.5,1,119.4,121,SUBAERIAL,,,s NWS414 [6348],NOT GIVEN [6348],,,,,,,,,VOLCANIC ROCK,,,,,WHOLE_ROCK [6348] ,245870.81000000003,5154.324,,89390.4939,,,,61562.159999999996,36306.76,23458.255999999998,1084.2412000000002,,52465.48,22775.009899999997,3535.0101000000004,,,,,,,,,,,,,,,,21700.,,,,,,,,,,,,,,,,,,,,,,,,,,,,20,,178,56,,,20,,61,83,20,,,,,325,840,28,270,17,,,,,,,,,,,,5.7,1710,50,97,11.5,47,9.2,1.96,7.1,1,5,0.9,2.5,0.42,2.4,0.33,6.8,1.1,,,,,,,,,33,,39,8.7,,,,,,,,,,,,,,,,,,,,,,,,,145475,
[6348],CONVERGENT MARGIN,SULAWESI ARC / SULAWESI ARC / SULAWESI / PACIFIC OCEAN,,-1.5,1,119.4,121,SUBAERIAL,,,s NWS319 [6348],NOT GIVEN [6348],,,,,,,,,VOLCANIC ROCK,,,,,WHOLE_ROCK [6348] ,244842.45300000004,4794.72,,74148.0651,,,,63816.33000000001,66038.28,41368.544,1161.687,,30051.43,13353.426,2313.0313,,,,,,,,,,,,,,,,3600.,,,,,,,,,,,,,,,,,,,,,,,,,,,,37,,233,235,,,33,23,55,29,17,,,,,204,529,19,97,5.2,,,,,,,,,,,,4.7,857,20.2,42.4,4.42,22.4,4.6,1.18,4,0.6,3.5,0.7,2.1,0.29,1.9,0.3,2.8,0.36,,,,,,,,,,,8.16,1.96,,,,,,,,,,,,,,,,,,,,,,,,,145476,
[6348],CONVERGENT MARGIN,SULAWESI ARC / SULAWESI ARC / SULAWESI / PACIFIC OCEAN,,-1.5,1,119.4,121,SUBAERIAL,,,s MLP4 [6348],NOT GIVEN [6348],,,,,,,,,VOLCANIC ROCK,,,,,WHOLE_ROCK [6348] ,269289.30350000004,3775.8419999999996,,78646.6986,,,,46249.35,45526.39,40162.464,929.3496,,24406.41,17359.4538,1047.4104,,,,,,,,,,,,,,,,14900.,,,,,,,,,,,,,,,,,,,,,,,,,,,,18,,131,409,,,28,125,44,42,19,,,,,119,674,19,132,10.57,,,,,,,,,,,,8.07,1165,40.93,74.46,6.67,27.72,5.27,1.23,4.22,0.59,3.42,0.66,1.89,0.29,1.87,0.29,4.06,0.86,,,,,,,,,33,,17.98,4.478,,,,,,,,,,,,,,,,,,,,,,,,,145477,
[6348],CONVERGENT MARGIN,SULAWESI ARC / SULAWESI ARC / SULAWESI / ONGKA / PACIFIC OCEAN,,0.5,0.5,120.7,120.7,SUBAERIAL,,,s NWS35 [6348],NOT GIVEN [6348],,,,,,,,,VOLCANIC ROCK,,,,,WHOLE_ROCK [6348] ,312714.0150000001,3176.502,,84680.16,,,,20831.640000000003,19082.489999999998,11156.24,697.0122,,40096.245,27819.637499999997,1134.6946,,,,,,,,,,,,,,,,7000.,,,,,,,,,,,,,,,,,,,,,,,,,,,,10,,85,100,,,17,26,17,49,,,,,,200,622,24,217,,,,,,,,,,,,,6.07,1590,45.4,82,,36.7,6.48,1.37,,0.91,,0.61,,0.48,2.53,,0.89,1.98,,,,,,,,,7,,21.5,4.45,,,,,,,,,,,,,,,,,,,,,,,,,145478,
[6348],CONVERGENT MARGIN,SULAWESI ARC / SULAWESI ARC / SULAWESI / ONGKA / PACIFIC OCEAN,,0.5,0.5,120.7,120.7,SUBAERIAL,,,s NWS238A [6348],NOT GIVEN [6348],,,,,,,,,VOLCANIC ROCK,,,,,WHOLE_ROCK [6348] ,322997.585,3296.37,,70390.383,,,,21298.02,20154.539999999997,10492.895999999999,309.7832,,35115.345,21217.1102,1134.6946,,,,,,,,,,,,,,,,11399.999999999998,,,,,,,,,,,,,,,,,,,,,,,,,,,,9,,71,181,,,8,26,7,33,11,,,,,163,467,26,178,15.2,,,,,,,,,,,,4.6,1377,52.4,95.3,9.07,39.6,6.7,1.17,5.3,0.8,4.4,0.9,2.7,0.4,2.6,0.42,5.5,1.52,,,,,,,,,13,,28.4,8.52,,,,,,,,,,,,,,,,,,,,,,,,,145479,
[6348],CONVERGENT MARGIN,SULAWESI ARC / SULAWESI ARC / SULAWESI / DONDO / PACIFIC OCEAN,DONDO SUPERSUITE,0.7,0.7,120.6,120.6,SUBAERIAL,,,s NWS300 [6348],NOT GIVEN [6348],,,,,,,,,PLUTONIC ROCK,,,,,WHOLE_ROCK [6348] ,307104.79500000004,3116.5679999999998,,80975.403,,,,28293.72,27015.66,13869.919999999998,542.1206000000001,,34617.255,22181.5243,829.1999000000001,,,,,,,,,,,,,,,,3800.,,,,,,,,,,,,,,,,,,,,,,,,,,,,10,,71,167,,,10,16,,40,18,,,,,187,306,24,160,13.4,,,,,,,,,,,,9.2,677,47.8,88,7.95,34.1,5.9,1.11,4.9,0.7,4.1,0.8,2.5,0.38,2.4,0.39,5,1.36,,,,,,,,,7,,30.61,6.82,,,,,,,,,,,,,,,,,,,,,,,,,145480,
[6348],CONVERGENT MARGIN,SULAWESI ARC / SULAWESI ARC / SULAWESI / DONDO / PACIFIC OCEAN,DONDO SUPERSUITE,0.7,0.7,120.6,120.6,SUBAERIAL,,,s M21 [6348],NOT GIVEN [6348],,,,,,,,,PLUTONIC ROCK,,,,,WHOLE_ROCK [6348] ,329074.24000000005,1738.0859999999998,,75153.64199999999,,,,15001.89,14079.59,4583.103999999999,232.3374,,33870.12,29154.9801,523.7052,,,,,,,,,,,,,,,,9700.,,,,,,,,,,,,,,,,,,,,,,,,,,,,5,,32,114,,,5,60,82,,17,,,,,133,558,14,152,9,,,,,,,,,,,,1.6,1196,29.9,61.6,5.53,21.4,3.9,1.43,4.4,0.5,2.4,0.5,1.5,0.2,1.4,0.22,4.5,0.75,,,,,,,,,30,,19.5,6.1,,,,,,,,,,,,,,,,,,,,,,,,,145481,
[6348],CONVERGENT MARGIN,SULAWESI ARC / SULAWESI ARC / SULAWESI / DONDO / PACIFIC OCEAN,DONDO SUPERSUITE,0.7,0.7,120.6,120.6,SUBAERIAL,,,s NWS17 [6348],NOT GIVEN [6348],,,,,,,,,PLUTONIC ROCK,,,,,WHOLE_ROCK [6348] ,353380.86,419.538,,75153.64199999999,,,,5441.099999999999,5360.25,904.56,774.4580000000001,,39847.2,21142.9245,392.77889999999996,,,,,,,,,,,,,,,,6800.000000000001,,,,,,,,,,,,,,,,,,,,,,,,,,,,3,,,126,,,2,6,4,9,21,,,,,314,81,17,37,21,,,,,,,,,,,,20.7,113,9.15,17.7,,8.42,2.19,0.27,,0.37,,0.38,,0.23,1.25,,1.6,4.7,,,,,,,,,8,,11.3,3.83,,,,,,,,,,,,,,,,,,,,,,,,,145482,
[6348],CONVERGENT MARGIN,SULAWESI ARC / SULAWESI ARC / SULAWESI / DONDO / PACIFIC OCEAN,DONDO SUPERSUITE,0.7,0.7,120.6,120.6,SUBAERIAL,,,s NWS357 [6348],NOT GIVEN [6348],,,,,,,,,PLUTONIC ROCK,,,,,WHOLE_ROCK [6348] ,329074.24000000005,779.1419999999999,,78329.148,,,,9249.869999999999,8504.93,3256.416,232.3374,,44413.024999999994,35757.5074,436.42100000000005,,,,,,,,,,,,,,,,4900.,,,,,,,,,,,,,,,,,,,,,,,,,,,,3,,28,204,,,3,32,88,,15,,,,,171,1039,11,124,19,,,,,,,,,,,,7.5,2028,19.3,48.8,4.93,20.2,4,1.93,3.7,0.4,1.9,0.3,1.1,0.12,0.8,0.13,5,1.73,,,,,,,,,183,,51,10.9,,,,,,,,,,,,,,,,,,,,,,,,,145483,
[6348],CONVERGENT MARGIN,SULAWESI ARC / SULAWESI ARC / SULAWESI / GIMPU VOLCANICS / PACIFIC OCEAN,,-1.5,-1.5,120,120,SUBAERIAL,,,s NWS645 [6348],NOT GIVEN [6348],,,,,,,,,VOLCANIC ROCK,,,,,WHOLE_ROCK [6348] ,321828.9975,2157.624,,80869.5528,,,,19277.04,17295.739999999998,6573.136,387.22900000000004,,36028.51,31528.9225,916.4841,,,,,,,,,,,,,,,,6200.,,,,,,,,,,,,,,,,,,,,,,,,,,,,5,,34,151,,,3,,,,18,,,,,127,904,20,203,14,,,,,,,,,,,,3.1,1920,66.7,118,12.6,41.9,6.6,1.44,4.9,0.7,3.7,0.7,2,0.32,2.1,0.33,5.8,1.3,,,,,,,,,29,,33.8,7.8,,,,,,,,,,,,,,,,,,,,,,,,,145484,
[6348],CONVERGENT MARGIN,SULAWESI ARC / SULAWESI ARC / SULAWESI / PAPAYATO VOLCANICS / PACIFIC OCEAN,NORTHERN SULAWESI,0.8,0.8,121.3,121.3,SUBAERIAL,,,s CSWIII [6348],NOT GIVEN [6348],,,,,,,,,VOLCANIC ROCK,,,,,WHOLE_ROCK [6348] ,,,,,,,,,,,,,,,,,,,,,,,,,,,,,,,,,,,,,,,,,,,,,,,,,,,,,,,,,,,,,,,,,,,,,,,,,,43,305,,,,,,,,,,,,,,,,,,,,9.53,2.63,,,,,,,,,,,,,,,,,,,,,,1.11,0.41,0.512977,,,0.704037,,18.207,,15.523,,38.109,,,,,,,,,,,,,,,145645,
[6348],CONVERGENT MARGIN,SULAWESI ARC / SULAWESI ARC / SULAWESI / PAPAYATO VOLCANICS / PACIFIC OCEAN,NORTHERN SULAWESI,0.8,0.8,121.3,121.3,SUBAERIAL,,,s NWS534 [6348],NOT GIVEN [6348],,,,,,,,,VOLCANIC ROCK,,,,,WHOLE_ROCK [6348] ,,,,,,,,,,,,,,,,,,,,,,,,,,,,,,,,,,,,,,,,,,,,,,,,,,,,,,,,,,,,,,,,,,,,,,,,,,7,190,,,,,,,,,,,,,,,,,,,,8.78,2.71,,,,,,,,,,,,,,,,,,,,,,0.6,0.2,0.512952,,,0.704058,,18.185,,15.577,,38.179,,,,,,,,,,,,,,,145646,
[6348],CONVERGENT MARGIN,SULAWESI ARC / SULAWESI ARC / SULAWESI / PAPAYATO VOLCANICS / PACIFIC OCEAN,NORTHERN SULAWESI,0.8,0.8,121.3,121.3,SUBAERIAL,,,s NWS41D [6348],NOT GIVEN [6348],,,,,,,,,VOLCANIC ROCK,,,,,WHOLE_ROCK [6348] ,,,,,,,,,,,,,,,,,,,,,,,,,,,,,,,,,,,,,,,,,,,,,,,,,,,,,,,,,,,,,,,,,,,,,,,,,,1.2,18.8,,,,,,,,,,,,,,,,,,,,1.97,0.65,,,,,,,,,,,,,,,,,,,,,,0.26,0.05,0.512984,,,0.705508,,18.591,,15.613,,38.748,,,,,,,,,,,,,,,145647,
[6348],CONVERGENT MARGIN,SULAWESI ARC / SULAWESI ARC / SULAWESI / PAPAYATO VOLCANICS / PACIFIC OCEAN,NORTHERN SULAWESI,0.8,0.8,121.3,121.3,SUBAERIAL,,,s NWS249 [6348],NOT GIVEN [6348],,,,,,,,,VOLCANIC ROCK,,,,,WHOLE_ROCK [6348] ,,,,,,,,,,,,,,,,,,,,,,,,,,,,,,,,,,,,,,,,,,,,,,,,,,,,,,,,,,,,,,,,,,,,,,,,,,27.6,144,,,,,,,,,,,,,,,,,,,,3.54,1.29,,,,,,,,,,,,,,,,,,,,,,0.34,0.29,0.513006,,,0.705255,,18.313,,15.543,,38.224,,,,,,,,,,,,,,,145648,
[6348],CONVERGENT MARGIN,SULAWESI ARC / SULAWESI ARC / SULAWESI / PAPAYATO VOLCANICS / PACIFIC OCEAN,NORTHERN SULAWESI,0.8,0.8,121.3,121.3,SUBAERIAL,,,s NWS532 [6348],NOT GIVEN [6348],,,,,,,,,VOLCANIC ROCK,,,,,WHOLE_ROCK [6348] ,,,,,,,,,,,,,,,,,,,,,,,,,,,,,,,,,,,,,,,,,,,,,,,,,,,,,,,,,,,,,,,,,,,,,,,,,,3,218,,,,,,,,,,,,,,,,,,,,9.38,2.6,,,,,,,,,,,,,,,,,,,,,,0.8,0.1,0.512933,,,0.703906,,18.241,,15.578,,38.295,,,,,,,,,,,,,,,145649,
[6348],CONVERGENT MARGIN,SULAWESI ARC / SULAWESI ARC / SULAWESI / TOLI-TOLI / PACIFIC OCEAN,,1.1,1.1,120.8,120.8,SUBAERIAL,,,s MB2 [6348],NOT GIVEN [6348],,,,,,,,,VOLCANIC ROCK,,,,,WHOLE_ROCK [6348] ,,,,,,,,,,,,,,,,,,,,,,,,,,,,,,,,,,,,,,,,,,,,,,,,,,,,,,,,,,,,,,,,,,,,,,,,,,20,38,,,,,,,,,,,,,,,,,,,,4.21,1.03,,,,,,,,,,,,,,,,,,,,19,,0.1,0.37,0.512734,,,0.706749,,18.7,,15.632,,38.89,,,,,,,,,,,,,,,145650,
[6348],CONVERGENT MARGIN,SULAWESI ARC / SULAWESI ARC / SULAWESI / TOLI-TOLI / PACIFIC OCEAN,,1.1,1.1,120.8,120.8,SUBAERIAL,,,s NWS68A [6348],NOT GIVEN [6348],,,,,,,,,VOLCANIC ROCK,,,,,WHOLE_ROCK [6348] ,,,,,,,,,,,,,,,,,,,,,,,,,,,,,,,,,,,,,,,,,,,,,,,,,,,,,,,,,,,,,,,,,,,,,,,,,,1.7,120,,,,,,,,,,,,,,,,,,,,10.28,3.05,,,,,,,,,,,,,,,,,,,,13.4,,0.28,0.15,0.512968,,,0.706929,,18.651,,15.632,,38.934,,,,,,,,,,,,,,,145651,
[6348],CONVERGENT MARGIN,SULAWESI ARC / SULAWESI ARC / SULAWESI / TOLI-TOLI / PACIFIC OCEAN,,1.1,1.1,120.8,120.8,SUBAERIAL,,,s NWS66B [6348],NOT GIVEN [6348],,,,,,,,,VOLCANIC ROCK,,,,,WHOLE_ROCK [6348] ,,,,,,,,,,,,,,,,,,,,,,,,,,,,,,,,,,,,,,,,,,,,,,,,,,,,,,,,,,,,,,,,,,,,,,,,,,22,448,,,,,,,,,,,,,,,,,,,,13.3,3.27,,,,,,,,,,,,,,,,,,,,6,,1.1,0.35,0.512923,,,0.704797,,18.47,,15.589,,38.502,,,,,,,,,,,,,,,145652,
[6348],CONVERGENT MARGIN,SULAWESI ARC / SULAWESI ARC / SULAWESI / TINOMBO / PACIFIC OCEAN,,0.5,0.5,120.3,120.3,SUBAERIAL,,,s NWS325 [6348],NOT GIVEN [6348],,,,,,,,,VOLCANIC ROCK,,,,,WHOLE_ROCK [6348] ,,,,,,,,,,,,,,,,,,,,,,,,,,,,,,,,,,,,,,,,,,,,,,,,,,,,,,,,,,,,,,,,,,,,,,,,,,4.6,378,,,,,,,,,,,,,,,,,,,,5.36,1.86,,,,,,,,,,,,,,,,,,,,,,0.76,0.1,0.51299,,,0.703559,,18.216,,15.535,,38.151,,,,,,,,,,,,,,,145653,
[6348],CONVERGENT MARGIN,SULAWESI ARC / SULAWESI ARC / SULAWESI / TINOMBO / PACIFIC OCEAN,,0.5,0.5,120.3,120.3,SUBAERIAL,,,s NWS45 [6348],NOT GIVEN [6348],,,,,,,,,VOLCANIC ROCK,,,,,WHOLE_ROCK [6348] ,,,,,,,,,,,,,,,,,,,,,,,,,,,,,,,,,,,,,,,,,,,,,,,,,,,,,,,,,,,,,,,,,,,,,,,,,,6.7,629,,,,,,,,,,,,,,,,,,,,9.99,2.73,,,,,,,,,,,,,,,,,,,,24,,1.45,0.36,0.512766,,,0.707404,,18.469,,15.589,,38.517,,,,,,,,,,,,,,,145654,
[6348],CONVERGENT MARGIN,SULAWESI ARC / SULAWESI ARC / SULAWESI / TINOMBO / PACIFIC OCEAN,,0.5,0.5,120.3,120.3,SUBAERIAL,,,s TNB19 [6348],NOT GIVEN [6348],,,,,,,,,PLUTONIC ROCK,,,,,WHOLE_ROCK [6348] ,,,,,,,,,,,,,,,,,,,,,,,,,,,,,,,,,,,,,,,,,,,,,,,,,,,,,,,,,,,,,,,,,,,,,,,,,,20,446,,,,,,,,,,,,,,,,,,,,8.62,2.17,,,,,,,,,,,,,,,,,,,,,,1.23,0.28,0.512797,,,0.703725,,18.44,,15.606,,38.589,,,,,,,,,,,,,,,145655,
[6348],CONVERGENT MARGIN,SULAWESI ARC / SULAWESI ARC / SULAWESI / TINOMBO / PACIFIC OCEAN,,0.5,0.5,120.3,120.3,SUBAERIAL,,,s NWS323 [6348],NOT GIVEN [6348],,,,,,,,,PLUTONIC ROCK,,,,,WHOLE_ROCK [6348] ,,,,,,,,,,,,,,,,,,,,,,,,,,,,,,,,,,,,,,,,,,,,,,,,,,,,,,,,,,,,,,,,,,,,,,,,,,94,163,,,,,,,,,,,,,,,,,,,,14.97,3.51,,,,,,,,,,,,,,,,,,,,,,7.04,1.6,0.512602,,,0.70621,,18.668,,15.633,,38.802,,,,,,,,,,,,,,,145656,
[6348],CONVERGENT MARGIN,SULAWESI ARC / SULAWESI ARC / SULAWESI / TINOMBO / PACIFIC OCEAN,,0.5,0.5,120.3,120.3,SUBAERIAL,,,s NWS53 [6348],NOT GIVEN [6348],,,,,,,,,PLUTONIC ROCK,,,,,WHOLE_ROCK [6348] ,,,,,,,,,,,,,,,,,,,,,,,,,,,,,,,,,,,,,,,,,,,,,,,,,,,,,,,,,,,,,,,,,,,,,,,,,,27,315,,,,,,,,,,,,,,,,,,,,15.93,3.72,,,,,,,,,,,,,,,,,,,,14,,3.95,0.46,0.512658,,,0.704567,,18.617,,15.638,,38.795,,,,,,,,,,,,,,,145657,
[6348],CONVERGENT MARGIN,SULAWESI ARC / SULAWESI ARC / SULAWESI / PACIFIC OCEAN,RENANGKALI,-0.25,-0.25,119.95,119.95,SUBAERIAL,,,s NWS557 [6348],GRANITE [6348],,,,,,,,,PLUTONIC ROCK,,,,,WHOLE_ROCK [6348] ,,,,,,,,,,,,,,,,,,,,,,,,,,,,,,,,,,,,,,,,,,,,,,,,,,,,,,,,,,,,,,,,,,,,,,,,,,36,501,,,,,,,,,,,,,,,,,,,,7.15,1.74,,,,,,,,,,,,,,,,,,,,,,3.5,1.7,0.512736,,,0.703953,,18.463,,15.594,,38.492,,,,,,,,,,,,,,,145658,
[6348],CONVERGENT MARGIN,SULAWESI ARC / SULAWESI ARC / SULAWESI / PACIFIC OCEAN,TONDOPADO,-0.25,-0.25,119.9,119.9,SUBAERIAL,,,s NWS9 [6348],DIORITE [6348],,,,,,,,,PLUTONIC ROCK,,,,,WHOLE_ROCK [6348] ,,,,,,,,,,,,,,,,,,,,,,,,,,,,,,,,,,,,,,,,,,,,,,,,,,,,,,,,,,,,,,,,,,,,,,,,,,13,317,,,,,,,,,,,,,,,,,,,,9.5,2.63,,,,,,,,,,,,,,,,,,,,,,2.14,0.29,0.512864,,,0.704482,,18.582,,15.622,,38.723,,,,,,,,,,,,,,,145659,
[6348],CONVERGENT MARGIN,SULAWESI ARC / SULAWESI ARC / SULAWESI / PACIFIC OCEAN,BOLANO,0.4,0.4,120.9,120.9,SUBAERIAL,,,s NWS40 [6348],ANDESITE [6348],,,,,,,,,VOLCANIC ROCK,,,,,WHOLE_ROCK [6348] ,,,,,,,,,,,,,,,,,,,,,,,,,,,,,,,,,,,,,,,,,,,,,,,,,,,,,,,,,,,,,,,,,,,,,,,,,,18.6,380,,,,,,,,,,,,,,,,,,,,4.55,1.08,,,,,,,,,,,,,,,,,,,,,,1.17,0.41,0.512919,,,0.706114,,18.414,,15.576,,38.606,,,,,,,,,,,,,,,145660,
[6348],CONVERGENT MARGIN,SULAWESI ARC / SULAWESI ARC / SULAWESI / GIMPU VOLCANICS / PACIFIC OCEAN,,-1.5,-1.5,120,120,SUBAERIAL,,,s NWS645 [6348],NOT GIVEN [6348],,,,,,,,,VOLCANIC ROCK,,,,,WHOLE_ROCK [6348] ,,,,,,,,,,,,,,,,,,,,,,,,,,,,,,,,,,,,,,,,,,,,,,,,,,,,,,,,,,,,,,,,,,,,,,,,,,127,904,,,,,,,,,,,,,,,,,,,,41.9,6.6,,,,,,,,,,,,,,,,,,,,29,,33.8,7.8,0.512181,,,0.711138,,18.75,,15.609,,39.001,,,,,,,,,,,,,,,145661,
[6348],CONVERGENT MARGIN,SULAWESI ARC / SULAWESI ARC / SULAWESI / GIMPU VOLCANICS / PACIFIC OCEAN,,-1.5,-1.5,120,120,SUBAERIAL,,,s NWS652 [6348],NOT GIVEN [6348],,,,,,,,,VOLCANIC ROCK,,,,,WHOLE_ROCK [6348] ,,,,,,,,,,,,,,,,,,,,,,,,,,,,,,,,,,,,,,,,,,,,,,,,,,,,,,,,,,,,,,,,,,,,,,,,,,177,575,,,,,,,,,,,,,,,,,,,,32.9,5.5,,,,,,,,,,,,,,,,,,,,10,,31.6,7.6,0.512108,,,0.715907,,18.771,,15.682,,39.038,,,,,,,,,,,,,,,145662,
[6348],CONVERGENT MARGIN,SULAWESI ARC / SULAWESI ARC / SULAWESI / ONGKA / PACIFIC OCEAN,,0.5,0.5,120.7,120.7,SUBAERIAL,,,s NWS238A [6348],NOT GIVEN [6348],,,,,,,,,VOLCANIC ROCK,,,,,WHOLE_ROCK [6348] ,,,,,,,,,,,,,,,,,,,,,,,,,,,,,,,,,,,,,,,,,,,,,,,,,,,,,,,,,,,,,,,,,,,,,,,,,,163,467,,,,,,,,,,,,,,,,,,,,39.6,6.7,,,,,,,,,,,,,,,,,,,,13,,28.4,8.52,0.512176,,,0.712953,,18.845,,15.631,,39.029,,,,,,,,,,,,,,,145663,
[6348],CONVERGENT MARGIN,SULAWESI ARC / SULAWESI ARC / SULAWESI / ONGKA / PACIFIC OCEAN,,0.5,0.5,120.7,120.7,SUBAERIAL,,,s NWS238B [6348],NOT GIVEN [6348],,,,,,,,,VOLCANIC ROCK,,,,,WHOLE_ROCK [6348] ,,,,,,,,,,,,,,,,,,,,,,,,,,,,,,,,,,,,,,,,,,,,,,,,,,,,,,,,,,,,,,,,,,,,,,,,,,211,445,,,,,,,,,,,,,,,,,,,,36.3,6.4,,,,,,,,,,,,,,,,,,,,8,,24.62,6.5,0.51222,,,0.712045,,18.822,,15.649,,39.051,,,,,,,,,,,,,,,145664,
[6348],CONVERGENT MARGIN,SULAWESI ARC / SULAWESI ARC / SULAWESI / ONGKA / PACIFIC OCEAN,,0.5,0.5,120.7,120.7,SUBAERIAL,,,s NWS238B_LEACHATE [6348],NOT GIVEN [6348],,,,,,,,,VOLCANIC ROCK,,,,,WHOLE_ROCK [6348] ,,,,,,,,,,,,,,,,,,,,,,,,,,,,,,,,,,,,,,,,,,,,,,,,,,,,,,,,,,,,,,,,,,,,,,,,,,,,,,,,,,,,,,,,,,,,,,,,,,,,,,,,,,,,,,,,,,,,,,,,0.512203,,,,,,,,,,,,,,,,,,,,,,,,145665,
[6348],CONVERGENT MARGIN,SULAWESI ARC / SULAWESI ARC / SULAWESI / DONDO / PACIFIC OCEAN,DONDO SUPERSUITE,0.7,0.7,120.6,120.6,SUBAERIAL,,,s NWS300 [6348],NOT GIVEN [6348],,,,,,,,,PLUTONIC ROCK,,,,,WHOLE_ROCK [6348] ,,,,,,,,,,,,,,,,,,,,,,,,,,,,,,,,,,,,,,,,,,,,,,,,,,,,,,,,,,,,,,,,,,,,,,,,,,187,306,,,,,,,,,,,,,,,,,,,,34.1,5.9,,,,,,,,,,,,,,,,,,,,7,,30.61,6.82,0.51207,,,0.716716,,18.822,,15.666,,39.169,,,,,,,,,,,,,,,145666,
[6348],CONVERGENT MARGIN,SULAWESI ARC / SULAWESI ARC / SULAWESI / DONDO / PACIFIC OCEAN,DONDO SUPERSUITE,0.7,0.7,120.6,120.6,SUBAERIAL,,,s NWS301 [6348],NOT GIVEN [6348],,,,,,,,,PLUTONIC ROCK,,,,,WHOLE_ROCK [6348] ,,,,,,,,,,,,,,,,,,,,,,,,,,,,,,,,,,,,,,,,,,,,,,,,,,,,,,,,,,,,,,,,,,,,,,,,,,204,578,,,,,,,,,,,,,,,,,,,,44.2,6.7,,,,,,,,,,,,,,,,,,,,8,,36.03,10.17,0.512098,,,0.719323,,19.145,,15.743,,39.436,,,,,,,,,,,,,,,145667,
[6348],CONVERGENT MARGIN,SULAWESI ARC / SULAWESI ARC / SULAWESI / DONDO / PACIFIC OCEAN,DONDO SUPERSUITE,0.7,0.7,120.6,120.6,SUBAERIAL,,,s NWS69 [6348],NOT GIVEN [6348],,,,,,,,,PLUTONIC ROCK,,,,,WHOLE_ROCK [6348] ,,,,,,,,,,,,,,,,,,,,,,,,,,,,,,,,,,,,,,,,,,,,,,,,,,,,,,,,,,,,,,,,,,,,,,,,,,152,606,,,,,,,,,,,,,,,,,,,,24.9,4.3,,,,,,,,,,,,,,,,,,,,7,,14.2,2.1,0.512177,,,0.710839,,18.546,,15.607,,38.889,,,,,,,,,,,,,,,145668,
[6348],CONVERGENT MARGIN,SULAWESI ARC / SULAWESI ARC / SULAWESI / DONDO / PACIFIC OCEAN,DONDO SUPERSUITE,0.7,0.7,120.6,120.6,SUBAERIAL,,,s M21 [6348],NOT GIVEN [6348],,,,,,,,,PLUTONIC ROCK,,,,,WHOLE_ROCK [6348] ,,,,,,,,,,,,,,,,,,,,,,,,,,,,,,,,,,,,,,,,,,,,,,,,,,,,,,,,,,,,,,,,,,,,,,,,,,133,558,,,,,,,,,,,,,,,,,,,,21.4,3.9,,,,,,,,,,,,,,,,,,,,30,,19.5,6.1,0.512268,,,0.71016,,18.761,,15.654,,39.035,,,,,,,,,,,,,,,145669,
[6348],CONVERGENT MARGIN,SULAWESI ARC / SULAWESI ARC / SULAWESI / DONDO / PACIFIC OCEAN,DONDO SUPERSUITE,0.7,0.7,120.6,120.6,SUBAERIAL,,,s NWS357 [6348],NOT GIVEN [6348],,,,,,,,,PLUTONIC ROCK,,,,,WHOLE_ROCK [6348] ,,,,,,,,,,,,,,,,,,,,,,,,,,,,,,,,,,,,,,,,,,,,,,,,,,,,,,,,,,,,,,,,,,,,,,,,,,171,1039,,,,,,,,,,,,,,,,,,,,20.2,4,,,,,,,,,,,,,,,,,,,,183,,51,10.9,0.512188,,,0.712056,,18.745,,15.668,,39.022,,,,,,,,,,,,,,,145670,
[6348],CONVERGENT MARGIN,SULAWESI ARC / SULAWESI ARC / SULAWESI / PACIFIC OCEAN,,-1.5,1,119.4,121,SUBAERIAL,,,s MLP4 [6348],NOT GIVEN [6348],,,,,,,,,VOLCANIC ROCK,,,,,WHOLE_ROCK [6348] ,,,,,,,,,,,,,,,,,,,,,,,,,,,,,,,,,,,,,,,,,,,,,,,,,,,,,,,,,,,,,,,,,,,,,,,,,,120,674,,,,,,,,,,,,,,,,,,,,27.7,5.3,,,,,,,,,,,,,,,,,,,,33,,18,4.5,0.512215,,,0.711459,,18.718,,15.626,,39.013,,,,,,,,,,,,,,,145671,
[6348],CONVERGENT MARGIN,SULAWESI ARC / SULAWESI ARC / SULAWESI / PACIFIC OCEAN,,-1.5,1,119.4,121,SUBAERIAL,,,s NWS66 [6348],NOT GIVEN [6348],,,,,,,,,VOLCANIC ROCK,,,,,WHOLE_ROCK [6348] ,,,,,,,,,,,,,,,,,,,,,,,,,,,,,,,,,,,,,,,,,,,,,,,,,,,,,,,,,,,,,,,,,,,,,,,,,,96,1250,,,,,,,,,,,,,,,,,,,,27.4,4.1,,,,,,,,,,,,,,,,,,,,34,,12.1,0.6,0.512584,,,0.707509,,17.894,,15.541,,38.828,,,,,,,,,,,,,,,145672,
[6348],CONVERGENT MARGIN,SULAWESI ARC / SULAWESI ARC / SULAWESI / PACIFIC OCEAN,,-1.5,1,119.4,121,SUBAERIAL,,,s NWS66_LEACHATE [6348],NOT GIVEN [6348],,,,,,,,,VOLCANIC ROCK,,,,,WHOLE_ROCK [6348] ,,,,,,,,,,,,,,,,,,,,,,,,,,,,,,,,,,,,,,,,,,,,,,,,,,,,,,,,,,,,,,,,,,,,,,,,,,,,,,,,,,,,,,,,,,,,,,,,,,,,,,,,,,,,,,,,,,,,,,,,0.512594,,,0.707484,,,,,,,,,,,,,,,,,,,,,145673,
[6348],CONVERGENT MARGIN,SULAWESI ARC / SULAWESI ARC / SULAWESI / PACIFIC OCEAN,,-1.5,1,119.4,121,SUBAERIAL,,,s NWS66_LEACHATE [6348],NOT GIVEN [6348],,,,,,,,,VOLCANIC ROCK,,,,,WHOLE_ROCK [6348] ,,,,,,,,,,,,,,,,,,,,,,,,,,,,,,,,,,,,,,,,,,,,,,,,,,,,,,,,,,,,,,,,,,,,,,,,,,,,,,,,,,,,,,,,,,,,,,,,,,,,,,,,,,,,,,,,,,,,,,,,0.512581,,,0.707537,,17.907,,15.576,,38.931,,,,,,,,,,,,,,,145674,
[6348],CONVERGENT MARGIN,SULAWESI ARC / SULAWESI ARC / SULAWESI / PACIFIC OCEAN,,-1.5,1,119.4,121,SUBAERIAL,,,s NWS68B [6348],NOT GIVEN [6348],,,,,,,,,VOLCANIC ROCK,,,,,WHOLE_ROCK [6348] ,,,,,,,,,,,,,,,,,,,,,,,,,,,,,,,,,,,,,,,,,,,,,,,,,,,,,,,,,,,,,,,,,,,,,,,,,,148,1065,,,,,,,,,,,,,,,,,,,,38.4,7.3,,,,,,,,,,,,,,,,,,,,36.6,,11.9,2.1,0.512132,,,0.711463,,18.456,,15.605,,38.943,,,,,,,,,,,,,,,145675,
[6348],CONVERGENT MARGIN,SULAWESI ARC / SULAWESI ARC / SULAWESI / PACIFIC OCEAN,,-1.5,1,119.4,121,SUBAERIAL,,,s NWS737 [6348],NOT GIVEN [6348],,,,,,,,,VOLCANIC ROCK,,,,,WHOLE_ROCK [6348] ,,,,,,,,,,,,,,,,,,,,,,,,,,,,,,,,,,,,,,,,,,,,,,,,,,,,,,,,,,,,,,,,,,,,,,,,,,88,1310,,,,,,,,,,,,,,,,,,,,8.6,1.86,,,,,,,,,,,,,,,,,,,,11,,4.2,0.8,0.51263,,,0.707463,,17.911,,15.547,,38.859,,,,,,,,,,,,,,,145676,
[6348],CONVERGENT MARGIN,SULAWESI ARC / SULAWESI ARC / SULAWESI / PACIFIC OCEAN,,-1.5,1,119.4,121,SUBAERIAL,,,s NWS217 [6348],NOT GIVEN [6348],,,,,,,,,VOLCANIC ROCK,,,,,WHOLE_ROCK [6348] ,,,,,,,,,,,,,,,,,,,,,,,,,,,,,,,,,,,,,,,,,,,,,,,,,,,,,,,,,,,,,,,,,,,,,,,,,,154,343,,,,,,,,,,,,,,,,,,,,31.1,5.7,,,,,,,,,,,,,,,,,,,,33,,20.6,5.2,0.512159,,,0.719141,,19.009,,15.67,,39.266,,,,,,,,,,,,,,,145677,
[6348],CONVERGENT MARGIN,SULAWESI ARC / SULAWESI ARC / SULAWESI / PACIFIC OCEAN,,-1.5,1,119.4,121,SUBAERIAL,,,s NWS319 [6348],NOT GIVEN [6348],,,,,,,,,VOLCANIC ROCK,,,,,WHOLE_ROCK [6348] ,,,,,,,,,,,,,,,,,,,,,,,,,,,,,,,,,,,,,,,,,,,,,,,,,,,,,,,,,,,,,,,,,,,,,,,,,,204,529,,,,,,,,,,,,,,,,,,,,22.4,4.6,,,,,,,,,,,,,,,,,,,,,,8.2,2,0.512365,,,0.708749,,18.328,,15.588,,39.009,,,,,,,,,,,,,,,145678,
[6348],CONVERGENT MARGIN,SULAWESI ARC / SULAWESI ARC / SULAWESI / PACIFIC OCEAN,,-1.5,1,119.4,121,SUBAERIAL,,,s NWS375 [6348],NOT GIVEN [6348],,,,,,,,,VOLCANIC ROCK,,,,,WHOLE_ROCK [6348] ,,,,,,,,,,,,,,,,,,,,,,,,,,,,,,,,,,,,,,,,,,,,,,,,,,,,,,,,,,,,,,,,,,,,,,,,,,271,674,,,,,,,,,,,,,,,,,,,,38.8,7.1,,,,,,,,,,,,,,,,,,,,15,,33.4,7.1,0.512092,,,0.714047,,18.633,,15.638,,38.879,,,,,,,,,,,,,,,145679,
[6348],CONVERGENT MARGIN,SULAWESI ARC / SULAWESI ARC / SULAWESI / PACIFIC OCEAN,,-1.5,1,119.4,121,SUBAERIAL,,,s NWS376 [6348],NOT GIVEN [6348],,,,,,,,,VOLCANIC ROCK,,,,,WHOLE_ROCK [6348] ,,,,,,,,,,,,,,,,,,,,,,,,,,,,,,,,,,,,,,,,,,,,,,,,,,,,,,,,,,,,,,,,,,,,,,,,,,313,904,,,,,,,,,,,,,,,,,,,,50.2,9.4,,,,,,,,,,,,,,,,,,,,130,,31,6.4,0.512124,,,0.71382,,18.651,,15.636,,38.861,,,,,,,,,,,,,,,145680,
[6348],CONVERGENT MARGIN,SULAWESI ARC / SULAWESI ARC / SULAWESI / PACIFIC OCEAN,,-1.5,1,119.4,121,SUBAERIAL,,,s NWS376_LEACHATE [6348],NOT GIVEN [6348],,,,,,,,,VOLCANIC ROCK,,,,,WHOLE_ROCK [6348] ,,,,,,,,,,,,,,,,,,,,,,,,,,,,,,,,,,,,,,,,,,,,,,,,,,,,,,,,,,,,,,,,,,,,,,,,,,,,,,,,,,,,,,,,,,,,,,,,,,,,,,,,,,,,,,,,,,,,,,,,0.512144,,,0.713715,,18.666,,15.653,,38.922,,,,,,,,,,,,,,,145681,
[6348],CONVERGENT MARGIN,SULAWESI ARC / SULAWESI ARC / SULAWESI / PACIFIC OCEAN,,-1.5,1,119.4,121,SUBAERIAL,,,s NWS385 [6348],NOT GIVEN [6348],,,,,,,,,VOLCANIC ROCK,,,,,WHOLE_ROCK [6348] ,,,,,,,,,,,,,,,,,,,,,,,,,,,,,,,,,,,,,,,,,,,,,,,,,,,,,,,,,,,,,,,,,,,,,,,,,,286,1317,,,,,,,,,,,,,,,,,,,,49.8,9.9,,,,,,,,,,,,,,,,,,,,99,,21.7,4.4,0.512079,,,0.714332,,18.651,,15.654,,38.89,,,,,,,,,,,,,,,145682,
[6348],CONVERGENT MARGIN,SULAWESI ARC / SULAWESI ARC / SULAWESI / PACIFIC OCEAN,,-1.5,1,119.4,121,SUBAERIAL,,,s NWS644 [6348],NOT GIVEN [6348],,,,,,,,,VOLCANIC ROCK,,,,,WHOLE_ROCK [6348] ,,,,,,,,,,,,,,,,,,,,,,,,,,,,,,,,,,,,,,,,,,,,,,,,,,,,,,,,,,,,,,,,,,,,,,,,,,315,757,,,,,,,,,,,,,,,,,,,,51.3,9.2,,,,,,,,,,,,,,,,,,,,20,,30.9,7.3,0.512017,,,0.715269,,18.657,,15.67,,38.984,,,,,,,,,,,,,,,145683,
[6348],CONVERGENT MARGIN,SULAWESI ARC / SULAWESI ARC / SULAWESI / PACIFIC OCEAN,,-1.5,1,119.4,121,SUBAERIAL,,,s NWS335 [6348],NOT GIVEN [6348],,,,,,,,,VOLCANIC ROCK,,,,,WHOLE_ROCK [6348] ,,,,,,,,,,,,,,,,,,,,,,,,,,,,,,,,,,,,,,,,,,,,,,,,,,,,,,,,,,,,,,,,,,,,,,,,,,132,1054,,,,,,,,,,,,,,,,,,,,47.5,8.3,,,,,,,,,,,,,,,,,,,,12,,17.8,3.1,0.512097,,,0.713635,,18.621,,15.64,,38.842,,,,,,,,,,,,,,,145684,
[6348],CONVERGENT MARGIN,SULAWESI ARC / SULAWESI ARC / SULAWESI / PACIFIC OCEAN,,-1.5,1,119.4,121,SUBAERIAL,,,s NWS335_LEACHATE [6348],NOT GIVEN [6348],,,,,,,,,VOLCANIC ROCK,,,,,WHOLE_ROCK [6348] ,,,,,,,,,,,,,,,,,,,,,,,,,,,,,,,,,,,,,,,,,,,,,,,,,,,,,,,,,,,,,,,,,,,,,,,,,,,,,,,,,,,,,,,,,,,,,,,,,,,,,,,,,,,,,,,,,,,,,,,,0.512085,,,0.71403,,18.614,,15.637,,38.782,,,,,,,,,,,,,,,145685,
[6348],CONVERGENT MARGIN,SULAWESI ARC / SULAWESI ARC / SULAWESI / PACIFIC OCEAN,,-1.5,1,119.4,121,SUBAERIAL,,,s MKE1 [6348],NOT GIVEN [6348],,,,,,,,,VOLCANIC ROCK,,,,,WHOLE_ROCK [6348] ,,,,,,,,,,,,,,,,,,,,,,,,,,,,,,,,,,,,,,,,,,,,,,,,,,,,,,,,,,,,,,,,,,,,,,,,,,308,725,,,,,,,,,,,,,,,,,,,,48.2,8.7,,,,,,,,,,,,,,,,,,,,11,,24,6.3,0.512133,,,0.71442,,18.557,,15.629,,38.948,,,,,,,,,,,,,,,145686,
[6348],CONVERGENT MARGIN,SULAWESI ARC / SULAWESI ARC / SULAWESI / PACIFIC OCEAN,,-1.5,1,119.4,121,SUBAERIAL,,,s NWS316 [6348],NOT GIVEN [6348],,,,,,,,,VOLCANIC ROCK,,,,,WHOLE_ROCK [6348] ,,,,,,,,,,,,,,,,,,,,,,,,,,,,,,,,,,,,,,,,,,,,,,,,,,,,,,,,,,,,,,,,,,,,,,,,,,201,1192,,,,,,,,,,,,,,,,,,,,85.4,14.3,,,,,,,,,,,,,,,,,,,,6,,34.5,5.7,0.512183,,,0.714071,,18.917,,15.668,,39.012,,,,,,,,,,,,,,,145687,
[6348],CONVERGENT MARGIN,SULAWESI ARC / SULAWESI ARC / SULAWESI / PACIFIC OCEAN,,-1.5,1,119.4,121,SUBAERIAL,,,s NWS411 [6348],NOT GIVEN [6348],,,,,,,,,VOLCANIC ROCK,,,,,WHOLE_ROCK [6348] ,,,,,,,,,,,,,,,,,,,,,,,,,,,,,,,,,,,,,,,,,,,,,,,,,,,,,,,,,,,,,,,,,,,,,,,,,,353,597,,,,,,,,,,,,,,,,,,,,41,7.9,,,,,,,,,,,,,,,,,,,,36,,33,5.6,0.511846,,,0.716898,,18.012,,15.589,,38.944,,,,,,,,,,,,,,,145688,
[6348],CONVERGENT MARGIN,SULAWESI ARC / SULAWESI ARC / SULAWESI / PACIFIC OCEAN,,-1.5,1,119.4,121,SUBAERIAL,,,s NWS411_LEACHATE [6348],NOT GIVEN [6348],,,,,,,,,VOLCANIC ROCK,,,,,WHOLE_ROCK [6348] ,,,,,,,,,,,,,,,,,,,,,,,,,,,,,,,,,,,,,,,,,,,,,,,,,,,,,,,,,,,,,,,,,,,,,,,,,,,,,,,,,,,,,,,,,,,,,,,,,,,,,,,,,,,,,,,,,,,,,,,,0.511878,,,0.714975,,18.043,,15.607,,38.96,,,,,,,,,,,,,,,145689,
[6348],CONVERGENT MARGIN,SULAWESI ARC / SULAWESI ARC / SULAWESI / PACIFIC OCEAN,,-1.5,1,119.4,121,SUBAERIAL,,,s NWS412 [6348],NOT GIVEN [6348],,,,,,,,,VOLCANIC ROCK,,,,,WHOLE_ROCK [6348] ,,,,,,,,,,,,,,,,,,,,,,,,,,,,,,,,,,,,,,,,,,,,,,,,,,,,,,,,,,,,,,,,,,,,,,,,,,257,642,,,,,,,,,,,,,,,,,,,,49,9.3,,,,,,,,,,,,,,,,,,,,34,,45,8.9,0.511935,,,0.716196,,18.172,,15.588,,39.009,,,,,,,,,,,,,,,145690,
[6348],CONVERGENT MARGIN,SULAWESI ARC / SULAWESI ARC / SULAWESI / PACIFIC OCEAN,,-1.5,1,119.4,121,SUBAERIAL,,,s NWS412_LEACHATE [6348],NOT GIVEN [6348],,,,,,,,,VOLCANIC ROCK,,,,,WHOLE_ROCK [6348] ,,,,,,,,,,,,,,,,,,,,,,,,,,,,,,,,,,,,,,,,,,,,,,,,,,,,,,,,,,,,,,,,,,,,,,,,,,,,,,,,,,,,,,,,,,,,,,,,,,,,,,,,,,,,,,,,,,,,,,,,0.511917,,,0.714966,,18.149,,15.6,,39.007,,,,,,,,,,,,,,,145691,
[6348],CONVERGENT MARGIN,SULAWESI ARC / SULAWESI ARC / SULAWESI / PACIFIC OCEAN,,-1.5,1,119.4,121,SUBAERIAL,,,s NWS414 [6348],NOT GIVEN [6348],,,,,,,,,VOLCANIC ROCK,,,,,WHOLE_ROCK [6348] ,,,,,,,,,,,,,,,,,,,,,,,,,,,,,,,,,,,,,,,,,,,,,,,,,,,,,,,,,,,,,,,,,,,,,,,,,,325,840,,,,,,,,,,,,,,,,,,,,47,9.2,,,,,,,,,,,,,,,,,,,,33,,39,8.7,0.512035,,,0.714317,,18.342,,15.61,,39.119,,,,,,,,,,,,,,,145692,
[6348],CONVERGENT MARGIN,SULAWESI ARC / SULAWESI ARC / SULAWESI / PACIFIC OCEAN,,-1.5,1,119.4,121,SUBAERIAL,,,s NWS511 [6348],NOT GIVEN [6348],,,,,,,,,VOLCANIC ROCK,,,,,WHOLE_ROCK [6348] ,,,,,,,,,,,,,,,,,,,,,,,,,,,,,,,,,,,,,,,,,,,,,,,,,,,,,,,,,,,,,,,,,,,,,,,,,,121,1380,,,,,,,,,,,,,,,,,,,,42,7,,,,,,,,,,,,,,,,,,,,65,,26,3.9,0.512058,,,0.71382,,17.329,,15.501,,38.718,,,,,,,,,,,,,,,145693,
[6348],CONVERGENT MARGIN,SULAWESI ARC / SULAWESI ARC / SULAWESI / PACIFIC OCEAN,,-1.5,1,119.4,121,SUBAERIAL,,,s NWS639 [6348],NOT GIVEN [6348],,,,,,,,,VOLCANIC ROCK,,,,,WHOLE_ROCK [6348] ,,,,,,,,,,,,,,,,,,,,,,,,,,,,,,,,,,,,,,,,,,,,,,,,,,,,,,,,,,,,,,,,,,,,,,,,,,192,933,,,,,,,,,,,,,,,,,,,,52,10.4,,,,,,,,,,,,,,,,,,,,27,,25.1,6.1,0.512085,,,0.715316,,18.52,,15.678,,39.123,,,,,,,,,,,,,,,145694,
[6348],CONVERGENT MARGIN,SULAWESI ARC / SULAWESI ARC / SULAWESI / PACIFIC OCEAN,,-1.5,1,119.4,121,SUBAERIAL,,,s NWS682 [6348],NOT GIVEN [6348],,,,,,,,,VOLCANIC ROCK,,,,,WHOLE_ROCK [6348] ,,,,,,,,,,,,,,,,,,,,,,,,,,,,,,,,,,,,,,,,,,,,,,,,,,,,,,,,,,,,,,,,,,,,,,,,,,216,1390,,,,,,,,,,,,,,,,,,,,48.3,9.3,,,,,,,,,,,,,,,,,,,,44,,48.2,14.4,0.512247,,,0.71334,,19.074,,15.713,,39.23,,,,,,,,,,,,,,,145695,
[6348],CONVERGENT MARGIN,SULAWESI ARC / SULAWESI ARC / SULAWESI / PACIFIC OCEAN,,-1.5,1,119.4,121,SUBAERIAL,,,s NWS910 [6348],NOT GIVEN [6348],,,,,,,,,VOLCANIC ROCK,,,,,WHOLE_ROCK [6348] ,,,,,,,,,,,,,,,,,,,,,,,,,,,,,,,,,,,,,,,,,,,,,,,,,,,,,,,,,,,,,,,,,,,,,,,,,,224,1270,,,,,,,,,,,,,,,,,,,,47,9.1,,,,,,,,,,,,,,,,,,,,66,,26.7,9.3,0.512264,,,0.713322,,19.049,,15.685,,39.142,,,,,,,,,,,,,,,145696,
[6348],CONVERGENT MARGIN,SULAWESI ARC / SULAWESI ARC / SULAWESI / PACIFIC OCEAN,PALU COMPLEX,-0.6,-1.6,119.5,120.1,SUBAERIAL,,,s NWS203 [6348],NOT GIVEN [6348],,,,,,,,,METAMORPHIC ROCK,,,,,WHOLE_ROCK [6348] ,,,,,,,,,,,,,,,,,,,,,,,,,,,,,,,,,,,,,,,,,,,,,,,,,,,,,,,,,,,,,,,,,,,,,,,,,,78,110,,,,,,,,,,,,,,,,,,,,30.99,5.72,,,,,,,,,,,,,,,,,,,,,,15.2,2.9,0.51179,,,0.736314,,18.868,,15.662,,38.938,,,,,,,,,,,,,,,145697,
[6348],CONVERGENT MARGIN,SULAWESI ARC / SULAWESI ARC / SULAWESI / PACIFIC OCEAN,PALU COMPLEX,-0.6,-1.6,119.5,120.1,SUBAERIAL,,,s NWS584 [6348],NOT GIVEN [6348],,,,,,,,,METAMORPHIC ROCK,,,,,WHOLE_ROCK [6348] ,,,,,,,,,,,,,,,,,,,,,,,,,,,,,,,,,,,,,,,,,,,,,,,,,,,,,,,,,,,,,,,,,,,,,,,,,,113,453,,,,,,,,,,,,,,,,,,,,33.46,5.97,,,,,,,,,,,,,,,,,,,,5,,13,1.4,0.512248,,,0.709422,,18.787,,15.654,,39.063,,,,,,,,,,,,,,,145698,
[6348],CONVERGENT MARGIN,SULAWESI ARC / SULAWESI ARC / SULAWESI / PACIFIC OCEAN,PALU COMPLEX,-0.6,-1.6,119.5,120.1,SUBAERIAL,,,s NWS602 [6348],NOT GIVEN [6348],,,,,,,,,METAMORPHIC ROCK,,,,,WHOLE_ROCK [6348] ,,,,,,,,,,,,,,,,,,,,,,,,,,,,,,,,,,,,,,,,,,,,,,,,,,,,,,,,,,,,,,,,,,,,,,,,,,233,269,,,,,,,,,,,,,,,,,,,,23.6,4.59,,,,,,,,,,,,,,,,,,,,45,,36.2,13,0.512097,,,0.717917,,18.83,,15.65,,38.858,,,,,,,,,,,,,,,145699,
[6348],CONVERGENT MARGIN,SULAWESI ARC / SULAWESI ARC / SULAWESI / PACIFIC OCEAN,PALU COMPLEX,-0.6,-1.6,119.5,120.1,SUBAERIAL,,,s NWS604 [6348],NOT GIVEN [6348],,,,,,,,,METAMORPHIC ROCK,,,,,WHOLE_ROCK [6348] ,,,,,,,,,,,,,,,,,,,,,,,,,,,,,,,,,,,,,,,,,,,,,,,,,,,,,,,,,,,,,,,,,,,,,,,,,,26,1100,,,,,,,,,,,,,,,,,,,,72.95,12.83,,,,,,,,,,,,,,,,,,,,13,,29.8,4.2,0.512176,,,0.712562,,18.707,,15.645,,38.912,,,,,,,,,,,,,,,145700,
[6348],CONVERGENT MARGIN,SULAWESI ARC / SULAWESI ARC / SULAWESI / PACIFIC OCEAN,PALU COMPLEX,-0.6,-1.6,119.5,120.1,SUBAERIAL,,,s NWS610 [6348],NOT GIVEN [6348],,,,,,,,,METAMORPHIC ROCK,,,,,WHOLE_ROCK [6348] ,,,,,,,,,,,,,,,,,,,,,,,,,,,,,,,,,,,,,,,,,,,,,,,,,,,,,,,,,,,,,,,,,,,,,,,,,,63,612,,,,,,,,,,,,,,,,,,,,33.99,6.15,,,,,,,,,,,,,,,,,,,,,,6.6,2.1,0.512305,,,0.70842,,18.671,,15.624,,38.775,,,,,,,,,,,,,,,145701,
[6348],CONVERGENT MARGIN,SULAWESI ARC / SULAWESI ARC / SULAWESI / PACIFIC OCEAN,PALU COMPLEX,-0.6,-1.6,119.5,120.1,SUBAERIAL,,,s NWS373 [6348],NOT GIVEN [6348],,,,,,,,,METAMORPHIC ROCK,,,,,WHOLE_ROCK [6348] ,,,,,,,,,,,,,,,,,,,,,,,,,,,,,,,,,,,,,,,,,,,,,,,,,,,,,,,,,,,,,,,,,,,,,,,,,,46,34,,,,,,,,,,,,,,,,,,,,11.76,5.21,,,,,,,,,,,,,,,,,,,,,,1.5,0.3,0.511815,,,0.739167,,17.508,,15.543,,37.308,,,,,,,,,,,,,,,145702,
[6348],CONVERGENT MARGIN,SULAWESI ARC / SULAWESI ARC / SULAWESI / PACIFIC OCEAN,PALU COMPLEX,-0.6,-1.6,119.5,120.1,SUBAERIAL,,,s NWS757 [6348],NOT GIVEN [6348],,,,,,,,,METAMORPHIC ROCK,,,,,WHOLE_ROCK [6348] ,,,,,,,,,,,,,,,,,,,,,,,,,,,,,,,,,,,,,,,,,,,,,,,,,,,,,,,,,,,,,,,,,,,,,,,,,,3,214,,,,,,,,,,,,,,,,,,,,35.76,7.31,,,,,,,,,,,,,,,,,,,,15.58,,0.39,0.23,0.512127,,,0.710111,,18.761,,15.633,,38.778,,,,,,,,,,,,,,,145703,
[6348],CONVERGENT MARGIN,SULAWESI ARC / SULAWESI ARC / SULAWESI / PACIFIC OCEAN,PALU COMPLEX,-0.6,-1.6,119.5,120.1,SUBAERIAL,,,s NWS903 [6348],NOT GIVEN [6348],,,,,,,,,METAMORPHIC ROCK,,,,,WHOLE_ROCK [6348] ,,,,,,,,,,,,,,,,,,,,,,,,,,,,,,,,,,,,,,,,,,,,,,,,,,,,,,,,,,,,,,,,,,,,,,,,,,,,,,,,,,,,,,,,,,,,,,,21.39,4.16,,,,,,,,,,,,,,,,,,,,,,,,0.512393,,,0.706775,,18.968,,15.682,,39.086,,,,,,,,,,,,,,,145704,
[6348],CONVERGENT MARGIN,SULAWESI ARC / SULAWESI ARC / SULAWESI / PACIFIC OCEAN,PALU COMPLEX,-0.6,-1.6,119.5,120.1,SUBAERIAL,,,s NWS612 [6348],NOT GIVEN [6348],,,,,,,,,METAMORPHIC ROCK,,,,,WHOLE_ROCK [6348] ,,,,,,,,,,,,,,,,,,,,,,,,,,,,,,,,,,,,,,,,,,,,,,,,,,,,,,,,,,,,,,,,,,,,,,,,,,,,,,,,,,,,,,,,,,,,,,,9.73,3.17,,,,,,,,,,,,,,,,,,,,,,,,0.513154,,,0.703479,,17.825,,15.545,,37.6,,,,,,,,,,,,,,,145705,
[6348],CONVERGENT MARGIN,SULAWESI ARC / SULAWESI ARC / SULAWESI / PACIFIC OCEAN,PALU COMPLEX,-0.6,-1.6,119.5,120.1,SUBAERIAL,,,s NWS580 [6348],NOT GIVEN [6348],,,,,,,,,METAMORPHIC ROCK,,,,,WHOLE_ROCK [6348] ,,,,,,,,,,,,,,,,,,,,,,,,,,,,,,,,,,,,,,,,,,,,,,,,,,,,,,,,,,,,,,,,,,,,,,,,,,,,,,,,,,,,,,,,,,,,,,,8.35,2.82,,,,,,,,,,,,,,,,,,,,,,,,0.512985,,,0.704627,,17.863,,15.482,,37.766,,,,,,,,,,,,,,,145706,
[6348],CONVERGENT MARGIN,SULAWESI ARC / SULAWESI ARC / SULAWESI / PACIFIC OCEAN,PALU COMPLEX,-0.6,-1.6,119.5,120.1,SUBAERIAL,,,s NWS596 [6348],NOT GIVEN [6348],,,,,,,,,METAMORPHIC ROCK,,,,,WHOLE_ROCK [6348] ,,,,,,,,,,,,,,,,,,,,,,,,,,,,,,,,,,,,,,,,,,,,,,,,,,,,,,,,,,,,,,,,,,,,,,,,,,,,,,,,,,,,,,,,,,,,,,,37.46,6.06,,,,,,,,,,,,,,,,,,,,,,,,0.512277,,,0.709494,,18.737,,15.626,,38.973,,,,,,,,,,,,,,,145707,
[6348],CONVERGENT MARGIN,SULAWESI ARC / SULAWESI ARC / SULAWESI / PACIFIC OCEAN,MALINO COMPLEX,0.5,0.6,120.6,121.3,SUBAERIAL,,,s IKA19 [6348],NOT GIVEN [6348],,,,,,,,,METAMORPHIC ROCK,,,,,WHOLE_ROCK [6348] ,,,,,,,,,,,,,,,,,,,,,,,,,,,,,,,,,,,,,,,,,,,,,,,,,,,,,,,,,,,,,,,,,,,,,,,,,,5,142,,,,,,,,,,,,,,,,,,,,4.5,1.6,,,,,,,,,,,,,,,,,,,,,,0.2,0.1,0.512969,,,0.705054,,18.253,,15.554,,38.296,,,,,,,,,,,,,,,145708,
[6348],CONVERGENT MARGIN,SULAWESI ARC / SULAWESI ARC / SULAWESI / PACIFIC OCEAN,MALINO COMPLEX,0.5,0.6,120.6,121.3,SUBAERIAL,,,s NWS941 [6348],NOT GIVEN [6348],,,,,,,,,METAMORPHIC ROCK,,,,,WHOLE_ROCK [6348] ,,,,,,,,,,,,,,,,,,,,,,,,,,,,,,,,,,,,,,,,,,,,,,,,,,,,,,,,,,,,,,,,,,,,,,,,,,,181,,,,,,,,,,,,,,,,,,,,9.72,2.79,,,,,,,,,,,,,,,,,,,,,,1.01,0.26,0.51296,,,0.704394,,18.394,,15.592,,38.444,,,,,,,,,,,,,,,145709,
[6348],CONVERGENT MARGIN,SULAWESI ARC / SULAWESI ARC / SULAWESI / PACIFIC OCEAN,MALINO COMPLEX,0.5,0.6,120.6,121.3,SUBAERIAL,,,s NWS942 [6348],NOT GIVEN [6348],,,,,,,,,METAMORPHIC ROCK,,,,,WHOLE_ROCK [6348] ,,,,,,,,,,,,,,,,,,,,,,,,,,,,,,,,,,,,,,,,,,,,,,,,,,,,,,,,,,,,,,,,,,,,,,,,,,47,173,,,,,,,,,,,,,,,,,,,,18.77,3.29,,,,,,,,,,,,,,,,,,,,20.84,,9.85,2.07,0.511696,,,0.730166,,18.182,,15.61,,38.845,,,,,,,,,,,,,,,145710,
[6348],CONVERGENT MARGIN,SULAWESI ARC / SULAWESI ARC / SULAWESI / PACIFIC OCEAN,MALINO COMPLEX,0.5,0.6,120.6,121.3,SUBAERIAL,,,s NWS38 [6348],NOT GIVEN [6348],,,,,,,,,METAMORPHIC ROCK,,,,,WHOLE_ROCK [6348] ,,,,,,,,,,,,,,,,,,,,,,,,,,,,,,,,,,,,,,,,,,,,,,,,,,,,,,,,,,,,,,,,,,,,,,,,,,,,,,,,,,,,,,,,,,,,,,,39.24,6.62,,,,,,,,,,,,,,,,,,,,,,,,0.511685,,,0.743278,,18.388,,15.621,,38.73,,,,,,,,,,,,,,,145711,
[6348],CONVERGENT MARGIN,SULAWESI ARC / SULAWESI ARC / SULAWESI / PACIFIC OCEAN,MALINO COMPLEX,0.5,0.6,120.6,121.3,SUBAERIAL,,,s NWS63 [6348],NOT GIVEN [6348],,,,,,,,,METAMORPHIC ROCK,,,,,WHOLE_ROCK [6348] ,,,,,,,,,,,,,,,,,,,,,,,,,,,,,,,,,,,,,,,,,,,,,,,,,,,,,,,,,,,,,,,,,,,,,,,,,,,,,,,,,,,,,,,,,,,,,,,25.7,4.75,,,,,,,,,,,,,,,,,,,,,,,,0.511619,,,0.78194,,19.044,,15.756,,39.059,,,,,,,,,,,,,,,145712,
[6348],CONVERGENT MARGIN,SULAWESI ARC / SULAWESI ARC / SULAWESI / PACIFIC OCEAN,MALINO COMPLEX,0.5,0.6,120.6,121.3,SUBAERIAL,,,s NWS526 [6348],NOT GIVEN [6348],,,,,,,,,METAMORPHIC ROCK,,,,,WHOLE_ROCK [6348] ,,,,,,,,,,,,,,,,,,,,,,,,,,,,,,,,,,,,,,,,,,,,,,,,,,,,,,,,,,,,,,,,,,,,,,,,,,,,,,,,,,,,,,,,,,,,,,,13.04,4.43,,,,,,,,,,,,,,,,,,,,,,0.81,0.18,0.513009,,,0.705204,,18.076,,15.507,,38.068,,,,,,,,,,,,,,,145713,
[6348],CONVERGENT MARGIN,SULAWESI ARC / SULAWESI ARC / SULAWESI / PACIFIC OCEAN,MALINO COMPLEX,0.5,0.6,120.6,121.3,SUBAERIAL,,,s NWS523 [6348],NOT GIVEN [6348],,,,,,,,,METAMORPHIC ROCK,,,,,WHOLE_ROCK [6348] ,,,,,,,,,,,,,,,,,,,,,,,,,,,,,,,,,,,,,,,,,,,,,,,,,,,,,,,,,,,,,,,,,,,,,,,,,,,,,,,,,,,,,,,,,,,,,,,12.73,3.05,,,,,,,,,,,,,,,,,,,,,,,,0.513015,,,0.704367,,17.991,,15.497,,38.075,,,,,,,,,,,,,,,145714,
[6348],CONVERGENT MARGIN,SULAWESI ARC / SULAWESI ARC / SULAWESI / TINOMBO / PACIFIC OCEAN,,0.5,0.5,120.3,120.3,SUBAERIAL,,,s NWS510 [6348],NOT GIVEN [6348],,,,,,,,,VOLCANIC ROCK,,,,,WHOLE_ROCK [6348] ,,,,,,,,,,,,,,,,,,,,,,,,,,,,,,,,,,,,,,,,,,,,,,,,,,,,,,,,,,,,,,,,,,,,,,,,,,,,,,,,,,,,,,,,,,,,,,,,,,,,,,,,,,,,,,,,,,,,,,,,0.512352,,,0.711449,,18.732,,15.654,,38.93,,,,,,,,,,,,,,,145715,
[6348],CONVERGENT MARGIN,SULAWESI ARC / SULAWESI ARC / SULAWESI / TINOMBO / PACIFIC OCEAN,,0.5,0.5,120.3,120.3,SUBAERIAL,,,s NWS568 [6348],NOT GIVEN [6348],,,,,,,,,VOLCANIC ROCK,,,,,WHOLE_ROCK [6348] ,,,,,,,,,,,,,,,,,,,,,,,,,,,,,,,,,,,,,,,,,,,,,,,,,,,,,,,,,,,,,,,,,,,,,,,,,,,,,,,,,,,,,,,,,,,,,,,20.61,4.09,,,,,,,,,,,,,,,,,,,,,,,,0.512353,,,0.710495,,18.775,,15.653,,38.947,,,,,,,,,,,,,,,145716,
[6348],CONVERGENT MARGIN,SULAWESI ARC / SULAWESI ARC / SULAWESI / TINOMBO / PACIFIC OCEAN,,0.5,0.5,120.3,120.3,SUBAERIAL,,,s NWS590 [6348],NOT GIVEN [6348],,,,,,,,,VOLCANIC ROCK,,,,,WHOLE_ROCK [6348] ,,,,,,,,,,,,,,,,,,,,,,,,,,,,,,,,,,,,,,,,,,,,,,,,,,,,,,,,,,,,,,,,,,,,,,,,,,,,,,,,,,,,,,,,,,,,,,,,,,,,,,,,,,,,,,,,,,,,,,,,0.51268,,,0.707873,,18.633,,15.648,,38.813,,,,,,,,,,,,,,,145717,
[6348],CONVERGENT MARGIN,SULAWESI ARC / SULAWESI ARC / SULAWESI / PACIFIC OCEAN,POMPANGEO SCHISTS,1,1,121,121,SUBAERIAL,,,s NWS920 [6348],NOT GIVEN [6348],,,,,,,,,METAMORPHIC ROCK,,,,,WHOLE_ROCK [6348] ,,,,,,,,,,,,,,,,,,,,,,,,,,,,,,,,,,,,,,,,,,,,,,,,,,,,,,,,,,,,,,,,,,,,,,,,,,44,162,,,,,,,,,,,,,,,,,,,,6.17,1.24,,,,,,,,,,,,,,,,,,,,12.94,,2.03,0.96,0.512413,,,0.708479,,18.668,,15.638,,38.774,,,,,,,,,,,,,,,145718,
[6348],CONVERGENT MARGIN,SULAWESI ARC / SULAWESI ARC / SULAWESI / PACIFIC OCEAN,POMPANGEO SCHISTS,1,1,121,121,SUBAERIAL,,,s NWS920 [6348],NOT GIVEN [6348],,,,,,,,,METAMORPHIC ROCK,,,,,WHOLE_ROCK [6348] ,,,,,,,,,,,,,,,,,,,,,,,,,,,,,,,,,,,,,,,,,,,,,,,,,,,,,,,,,,,,,,,,,,,,,,,,,,,,,,,,,,,,,,,,,,,,,,,,,,,,,,,,,,,,,,,,,,,,,,,,,,,0.70848,,,,,,,,,,,,,,,,,,,,,145719,
[6348],CONVERGENT MARGIN,SULAWESI ARC / SULAWESI ARC / SULAWESI / PACIFIC OCEAN,POMPANGEO SCHISTS,1,1,121,121,SUBAERIAL,,,s NWS921 [6348],NOT GIVEN [6348],,,,,,,,,METAMORPHIC ROCK,,,,,WHOLE_ROCK [6348] ,,,,,,,,,,,,,,,,,,,,,,,,,,,,,,,,,,,,,,,,,,,,,,,,,,,,,,,,,,,,,,,,,,,,,,,,,,6.7,138,,,,,,,,,,,,,,,,,,,,1.15,0.43,,,,,,,,,,,,,,,,,,,,,,0.26,,0.512918,,,0.705111,,18.601,,15.643,,38.7,,,,,,,,,,,,,,,145720,
[6348],CONVERGENT MARGIN,SULAWESI ARC / SULAWESI ARC / SULAWESI / PACIFIC OCEAN,PALU COMPLEX,-0.6,-1.6,119.5,120.1,SUBAERIAL,,,s NWS612 [6348],NOT GIVEN [6348],,,,,,,,,METAMORPHIC ROCK,,,,,WHOLE_ROCK [6348] ,,,,,,,,,,,,,,,,,,,,,,,,,,,,,,,,,,,,,,,,,,,,,,,,,,,,,,,,,,,,,,,,,,,,,,,,,,,,,,,,,,,,,,,,,,,,,,,,,,,,,,,,,,,,,,,,,,,,,,,,,,,0.703466,,17.712,,15.548,,37.577,,,,,,,,,,,,,,,145721,
