Citations,Tectonic Setting,Location,Location Comment,Latitude (Min),Latitude (Max),Longitude (Min),Longitude (Max),Land or Sea,Elevation (Min),Elevation (Max),Sample Name,Rock Name,"Age (a, Min)","Age (a, Max)",Geol,Age,Eruption Day,Eruption Month,Eruption Year,Rock Texture,Rock Type,Drill Depth (Min),Drill Depth (Max),Alteration,Mineral,Material,Si,Ti,B,Al,Cr,Fe3+,Fe2+,Fetot(2+),Ca,Mg,Mn,Ni,K,Na,P,H2O,H2OP,H2OM,H2Otot,CO2,CO,F,Cl,Cl2,OH,CH4,SO2,SO3,SO4,S,LOI,Volatiles,O,Others,HE(CCM/G),HE(CCMSTP/G),HE3(CCMSTP/G),HE3(AT/G),HE4(CCM/G),HE4(CCMSTP/G),HE4(AT/G),HE4(MOLE/G),HE4(NCC/G),HE(NCC/G),Li,Be,B,C,CO2,F,Na,Mg,Al,P,S,Cl,K,Ca,Sc,Ti,V,Cr,Mn,Fe,Co,Ni,Cu,Zn,Ga,Ge,As,Se,Br,Rb,Sr,Y,Zr,Nb,Mo,Ru,Rh,Pd,Ag,Cd,In,Sn,Sb,Te,I,Cs,Ba,La,Ce,Pr,Nd,Sm,Eu,Gd,Tb,Dy,Ho,Er,Tm,Yb,Lu,Hf,Ta,W,Re,Os,Ir,Pt,Au,Hg,Tl,Pb,Bi,Th,U,Nd143/Nd144,Nd143/Nd144 initial,e Nd,Sr87/Sr86,SR87_SR86_INI,PB206_PB204,PB206_PB204_INI,PB207_PB204,PB207_PB204_INI,PB208_PB204,PB208_PB204_INI,OS184_OS188,OS186_OS188,OS187_OS186,OS187_OS188,RE187_OS186,RE187_OS188,HF176_HF177,HE3_HE4,HE3_HE4(R/R(A)),HE4_HE3,HE4_HE3(R/R(A)),K40_AR40,AR40_K40,Unique Id,
[840],OCEAN ISLAND,HAWAIIAN ISLANDS / HAWAII / KILAUEA / SHIELD STAGE / PUNA BASALT / PACIFIC OCEAN,IKI LAVA LAKE,19.4,19.4,-155.27,-155.27,SUBAERIAL,,,s 4 [840],OCEANITE [840],,,,,,,,,VOLCANIC ROCK,2.3,2.3,,,WHOLE_ROCK [840] ,208382.52300000002,10368.581999999999,,48955.7175,,8882.380000000001,83637.48,,51315.46,141473.184,1394.0244,,2407.435,8160.427000000001,829.1999000000001,,1000.,400.,,,,,,,,,,,,,,,,,,,,,,,,,,,,,,,,,,,,,,,,,,,,,,,,,,,,,,,,,,,,,,,,,,,,,,,,,,,,,,,,,,,,,,,,,,,,,,,,,,,,,,,,,,,,,,,,,,,,,,,,,,,,,,10041,
[840],OCEAN ISLAND,HAWAIIAN ISLANDS / HAWAII / KILAUEA / SHIELD STAGE / PUNA BASALT / PACIFIC OCEAN,IKI LAVA LAKE,19.4,19.4,-155.27,-155.27,SUBAERIAL,,,s 5 [840],OCEANITE [840],,,,,,,,,VOLCANIC ROCK,2.4,2.4,,,WHOLE_ROCK [840] ,213197.10350000003,10608.318,,47950.140600000006,,9232.08,81538.77,,55675.13,129532.992,1316.5786,,2490.45,9495.7696,698.2736,,2700.,2000.,,,,,,,,,,,,,,,,,,,,,,,,,,,,,,,,,,,,,,,,,,,,,,,,,,,,,,,,,,,,,,,,,,,,,,,,,,,,,,,,,,,,,,,,,,,,,,,,,,,,,,,,,,,,,,,,,,,,,,,,,,,,,,10042,
[4686],OCEAN ISLAND,MASCARENE ISLANDS INCL. REUNION / REUNION / PITON DES NEIGES / OCEANITE SERIES / INDIAN OCEAN,,-21,-21,55.85,55.85,SUBAERIAL,,,s RN94-03 [4686],OCEANITE [4686],,,,,,,,,VOLCANIC ROCK,,,,,WHOLE_ROCK [4686] ,,,,,,,,,,,,,,,,,,,,,,,,,,,,,,,,,,,,,,,,,,,,,,,,,,,,,,,,,,,,,,,,,,,,,,,,,,,,,,,,,,,,,,,,,,,,,,,,,,,,,,,,,,,,,,,,,,,,,,,,,,,,,,,,,,,,,,,,,,,12.03,,,,,100433,
[4686],OCEAN ISLAND,MASCARENE ISLANDS INCL. REUNION / REUNION / PITON DES NEIGES / OCEANITE SERIES / INDIAN OCEAN,,-21,-21,55.85,55.85,SUBAERIAL,,,s RN94-0501 [4686],OCEANITE [4686],,,,,,,,,VOLCANIC ROCK,,,,,WHOLE_ROCK [4686] ,,,,,,,,,,,,,,,,,,,,,,,,,,,,,,,,,,,,,,,,,,,,,,,,,,,,,,,,,,,,,,,,,,,,,,,,,,,,,,,,,,,,,,,,,,,,,,,,,,,,,,,,,,,,,,,,,,,,,,,,,,,,,,,,,,,,,,,,,,,13.18,,,,,100434,
[4686],OCEAN ISLAND,MASCARENE ISLANDS INCL. REUNION / REUNION / PITON DES NEIGES / OCEANITE SERIES / INDIAN OCEAN,,-21,-21,55.85,55.85,SUBAERIAL,,,s RN94-07 [4686],OCEANITE [4686],,,,,,,,,VOLCANIC ROCK,,,,,WHOLE_ROCK [4686] ,,,,,,,,,,,,,,,,,,,,,,,,,,,,,,,,,,,,,,,,,,,,,,,,,,,,,,,,,,,,,,,,,,,,,,,,,,,,,,,,,,,,,,,,,,,,,,,,,,,,,,,,,,,,,,,,,,,,,,,,,,,,,,,,,,,,,,,,,,,12.56,,,,,100435,
[4686],OCEAN ISLAND,MASCARENE ISLANDS INCL. REUNION / REUNION / PITON DES NEIGES / OCEANITE SERIES / INDIAN OCEAN,,-21,-21,55.85,55.85,SUBAERIAL,,,s RN94-0801 [4686],OCEANITE [4686],,,,,,,,,VOLCANIC ROCK,,,,,WHOLE_ROCK [4686] ,,,,,,,,,,,,,,,,,,,,,,,,,,,,,,,,,,,,,,,,,,,,,,,,,,,,,,,,,,,,,,,,,,,,,,,,,,,,,,,,,,,,,,,,,,,,,,,,,,,,,,,,,,,,,,,,,,,,,,,,,,,,,,,,,,,,,,,,,,,13.52,,,,,100436,
[4686],OCEAN ISLAND,MASCARENE ISLANDS INCL. REUNION / REUNION / PITON DES NEIGES / OCEANITE SERIES / INDIAN OCEAN,,-21,-21,55.85,55.85,SUBAERIAL,,,s RN94-1103 [4686],OCEANITE [4686],,,,,,,,,VOLCANIC ROCK,,,,,WHOLE_ROCK [4686] ,,,,,,,,,,,,,,,,,,,,,,,,,,,,,,,,,,,,,,,,,,,,,,,,,,,,,,,,,,,,,,,,,,,,,,,,,,,,,,,,,,,,,,,,,,,,,,,,,,,,,,,,,,,,,,,,,,,,,,,,,,,,,,,,,,,,,,,,,,,12.82,,,,,100437,
[4686],OCEAN ISLAND,MASCARENE ISLANDS INCL. REUNION / REUNION / PITON DES NEIGES / OCEANITE SERIES / INDIAN OCEAN,,-21,-21,55.85,55.85,SUBAERIAL,,,s RN94-13 [4686],OCEANITE [4686],,,,,,,,,VOLCANIC ROCK,,,,,WHOLE_ROCK [4686] ,,,,,,,,,,,,,,,,,,,,,,,,,,,,,,,,,,,,,,,,,,,,,,,,,,,,,,,,,,,,,,,,,,,,,,,,,,,,,,,,,,,,,,,,,,,,,,,,,,,,,,,,,,,,,,,,,,,,,,,,,,,,,,,,,,,,,,,,,,,13.38,,,,,100438,
[4686],OCEAN ISLAND,MASCARENE ISLANDS INCL. REUNION / REUNION / PITON DES NEIGES / OCEANITE SERIES / INDIAN OCEAN,,-21,-21,55.85,55.85,SUBAERIAL,,,s RN95-1001 [4686],OCEANITE [4686],,,,,,,,,VOLCANIC ROCK,,,,,WHOLE_ROCK [4686] ,,,,,,,,,,,,,,,,,,,,,,,,,,,,,,,,,,,,,,,,,,,,,,,,,,,,,,,,,,,,,,,,,,,,,,,,,,,,,,,,,,,,,,,,,,,,,,,,,,,,,,,,,,,,,,,,,,,,,,,,,,,,,,,,,,,,,,,,,,,12.32,,,,,100439,
[4686],OCEAN ISLAND,MASCARENE ISLANDS INCL. REUNION / REUNION / PITON DES NEIGES / OCEANITE SERIES / INDIAN OCEAN,,-21,-21,55.85,55.85,SUBAERIAL,,,s RN95-15 [4686],OCEANITE [4686],,,,,,,,,VOLCANIC ROCK,,,,,WHOLE_ROCK [4686] ,,,,,,,,,,,,,,,,,,,,,,,,,,,,,,,,,,,,,,,,,,,,,,,,,,,,,,,,,,,,,,,,,,,,,,,,,,,,,,,,,,,,,,,,,,,,,,,,,,,,,,,,,,,,,,,,,,,,,,,,,,,,,,,,,,,,,,,,,,,12.66,,,,,100440,
[4686],OCEAN ISLAND,MASCARENE ISLANDS INCL. REUNION / REUNION / PITON DES NEIGES / OCEANITE SERIES / INDIAN OCEAN,,-21,-21,55.85,55.85,SUBAERIAL,,,s RN95-2301 [4686],OCEANITE [4686],,,,,,,,,VOLCANIC ROCK,,,,,WHOLE_ROCK [4686] ,,,,,,,,,,,,,,,,,,,,,,,,,,,,,,,,,,,,,,,,,,,,,,,,,,,,,,,,,,,,,,,,,,,,,,,,,,,,,,,,,,,,,,,,,,,,,,,,,,,,,,,,,,,,,,,,,,,,,,,,,,,,,,,,,,,,,,,,,,,12.69,,,,,100441,
[4686],OCEAN ISLAND,MASCARENE ISLANDS INCL. REUNION / REUNION / PITON DES NEIGES / OCEANITE SERIES / INDIAN OCEAN,,-21,-21,55.85,55.85,SUBAERIAL,,,s RN95-2701A [4686],OCEANITE [4686],,,,,,,,,VOLCANIC ROCK,,,,,WHOLE_ROCK [4686] ,,,,,,,,,,,,,,,,,,,,,,,,,,,,,,,,,,,,,,,,,,,,,,,,,,,,,,,,,,,,,,,,,,,,,,,,,,,,,,,,,,,,,,,,,,,,,,,,,,,,,,,,,,,,,,,,,,,,,,,,,,,,,,,,,,,,,,,,,,,13.03,,,,,100442,
[4686],OCEAN ISLAND,MASCARENE ISLANDS INCL. REUNION / REUNION / PITON DES NEIGES / OCEANITE SERIES / INDIAN OCEAN,,-21,-21,55.85,55.85,SUBAERIAL,,,s RN95-2701B [4686],OCEANITE [4686],,,,,,,,,VOLCANIC ROCK,,,,,WHOLE_ROCK [4686] ,,,,,,,,,,,,,,,,,,,,,,,,,,,,,,,,,,,,,,,,,,,,,,,,,,,,,,,,,,,,,,,,,,,,,,,,,,,,,,,,,,,,,,,,,,,,,,,,,,,,,,,,,,,,,,,,,,,,,,,,,,,,,,,,,,,,,,,,,,,12.71,,,,,100443,
[4686],OCEAN ISLAND,MASCARENE ISLANDS INCL. REUNION / REUNION / PITON DES NEIGES / OCEANITE SERIES / INDIAN OCEAN,,-21,-21,55.85,55.85,SUBAERIAL,,,s RN95-28 [4686],OCEANITE [4686],,,,,,,,,VOLCANIC ROCK,,,,,WHOLE_ROCK [4686] ,,,,,,,,,,,,,,,,,,,,,,,,,,,,,,,,,,,,,,,,,,,,,,,,,,,,,,,,,,,,,,,,,,,,,,,,,,,,,,,,,,,,,,,,,,,,,,,,,,,,,,,,,,,,,,,,,,,,,,,,,,,,,,,,,,,,,,,,,,,12.08,,,,,100444,
[4686],OCEAN ISLAND,MASCARENE ISLANDS INCL. REUNION / REUNION / PITON DES NEIGES / OCEANITE SERIES / INDIAN OCEAN,,-21,-21,55.85,55.85,SUBAERIAL,,,s RN95-36 [4686],OCEANITE [4686],,,,,,,,,VOLCANIC ROCK,,,,,WHOLE_ROCK [4686] ,,,,,,,,,,,,,,,,,,,,,,,,,,,,,,,,,,,,,,,,,,,,,,,,,,,,,,,,,,,,,,,,,,,,,,,,,,,,,,,,,,,,,,,,,,,,,,,,,,,,,,,,,,,,,,,,,,,,,,,,,,,,,,,,,,,,,,,,,,,13,,,,,100447,
[4686],OCEAN ISLAND,MASCARENE ISLANDS INCL. REUNION / REUNION / PITON DES NEIGES / OCEANITE SERIES / INDIAN OCEAN,,-21,-21,55.85,55.85,SUBAERIAL,,,s RN95-37 [4686],OCEANITE [4686],,,,,,,,,VOLCANIC ROCK,,,,,WHOLE_ROCK [4686] ,,,,,,,,,,,,,,,,,,,,,,,,,,,,,,,,,,,,,,,,,,,,,,,,,,,,,,,,,,,,,,,,,,,,,,,,,,,,,,,,,,,,,,,,,,,,,,,,,,,,,,,,,,,,,,,,,,,,,,,,,,,,,,,,,,,,,,,,,,,12.54,,,,,100448,
[4686],OCEAN ISLAND,MASCARENE ISLANDS INCL. REUNION / REUNION / PITON DES NEIGES / OCEANITE SERIES / INDIAN OCEAN,,-21,-21,55.85,55.85,SUBAERIAL,,,s RN95-40A [4686],OCEANITE [4686],,,,,,,,,VOLCANIC ROCK,,,,,WHOLE_ROCK [4686] ,,,,,,,,,,,,,,,,,,,,,,,,,,,,,,,,,,,,,,,,,,,,,,,,,,,,,,,,,,,,,,,,,,,,,,,,,,,,,,,,,,,,,,,,,,,,,,,,,,,,,,,,,,,,,,,,,,,,,,,,,,,,,,,,,,,,,,,,,,,12.6,,,,,100449,
[4686],OCEAN ISLAND,MASCARENE ISLANDS INCL. REUNION / REUNION / PITON DES NEIGES / OCEANITE SERIES / INDIAN OCEAN,,-21,-21,55.85,55.85,SUBAERIAL,,,s RN95-40B [4686],OCEANITE [4686],,,,,,,,,VOLCANIC ROCK,,,,,WHOLE_ROCK [4686] ,,,,,,,,,,,,,,,,,,,,,,,,,,,,,,,,,,,,,,,,,,,,,,,,,,,,,,,,,,,,,,,,,,,,,,,,,,,,,,,,,,,,,,,,,,,,,,,,,,,,,,,,,,,,,,,,,,,,,,,,,,,,,,,,,,,,,,,,,,,14.09,,,,,100450,
[4686],OCEAN ISLAND,MASCARENE ISLANDS INCL. REUNION / REUNION / PITON DES NEIGES / OCEANITE SERIES / INDIAN OCEAN,,-21,-21,55.85,55.85,SUBAERIAL,,,s RN95-43 [4686],OCEANITE [4686],,,,,,,,,VOLCANIC ROCK,,,,,WHOLE_ROCK [4686] ,,,,,,,,,,,,,,,,,,,,,,,,,,,,,,,,,,,,,,,,,,,,,,,,,,,,,,,,,,,,,,,,,,,,,,,,,,,,,,,,,,,,,,,,,,,,,,,,,,,,,,,,,,,,,,,,,,,,,,,,,,,,,,,,,,,,,,,,,,,13.52,,,,,100451,
[4686],OCEAN ISLAND,MASCARENE ISLANDS INCL. REUNION / REUNION / PITON DE LA FOURNAISE / OCEANITE SERIES / INDIAN OCEAN,,-21.24,-21.24,55.73,55.73,SUBAERIAL,,,s RF94-04 [4686],OCEANITE [4686],,,,,,,,,VOLCANIC ROCK,,,,,WHOLE_ROCK [4686] ,,,,,,,,,,,,,,,,,,,,,,,,,,,,,,,,,,,,,,,,,,,,,,,,,,,,,,,,,,,,,,,,,,,,,,,,,,,,,,,,,,,,,,,,,,,,,,,,,,,,,,,,,,,,,,,,,,,,,,,,,,,,,,,,,,,,,,,,,,,13.54,,,,,100453,
[4686],OCEAN ISLAND,MASCARENE ISLANDS INCL. REUNION / REUNION / PITON DE LA FOURNAISE / OCEANITE SERIES / INDIAN OCEAN,,-21.24,-21.24,55.73,55.73,SUBAERIAL,,,s RF94-05 [4686],OCEANITE [4686],,,,,,,,,VOLCANIC ROCK,,,,,WHOLE_ROCK [4686] ,,,,,,,,,,,,,,,,,,,,,,,,,,,,,,,,,,,,,,,,,,,,,,,,,,,,,,,,,,,,,,,,,,,,,,,,,,,,,,,,,,,,,,,,,,,,,,,,,,,,,,,,,,,,,,,,,,,,,,,,,,,,,,,,,,,,,,,,,,,13.02,,,,,100454,
[4686],OCEAN ISLAND,MASCARENE ISLANDS INCL. REUNION / REUNION / PITON DE LA FOURNAISE / OCEANITE SERIES / INDIAN OCEAN,,-21.24,-21.24,55.73,55.73,SUBAERIAL,,,s RF94-0602 [4686],OCEANITE [4686],,,,,,,,,VOLCANIC ROCK,,,,,WHOLE_ROCK [4686] ,,,,,,,,,,,,,,,,,,,,,,,,,,,,,,,,,,,,,,,,,,,,,,,,,,,,,,,,,,,,,,,,,,,,,,,,,,,,,,,,,,,,,,,,,,,,,,,,,,,,,,,,,,,,,,,,,,,,,,,,,,,,,,,,,,,,,,,,,,,12.48,,,,,100455,
[4686],OCEAN ISLAND,MASCARENE ISLANDS INCL. REUNION / REUNION / PITON DE LA FOURNAISE / OCEANITE SERIES / INDIAN OCEAN,,-21.24,-21.24,55.73,55.73,SUBAERIAL,,,s RF95-2903 [4686],OCEANITE [4686],,,,,,,,,VOLCANIC ROCK,,,,,WHOLE_ROCK [4686] ,,,,,,,,,,,,,,,,,,,,,,,,,,,,,,,,,,,,,,,,,,,,,,,,,,,,,,,,,,,,,,,,,,,,,,,,,,,,,,,,,,,,,,,,,,,,,,,,,,,,,,,,,,,,,,,,,,,,,,,,,,,,,,,,,,,,,,,,,,,12.6,,,,,100456,
[4686],OCEAN ISLAND,MASCARENE ISLANDS INCL. REUNION / REUNION / PITON DE LA FOURNAISE / OCEANITE SERIES / INDIAN OCEAN,,-21.24,-21.24,55.73,55.73,SUBAERIAL,,,s RF95-35 [4686],OCEANITE [4686],,,,,,,,,VOLCANIC ROCK,,,,,WHOLE_ROCK [4686] ,,,,,,,,,,,,,,,,,,,,,,,,,,,,,,,,,,,,,,,,,,,,,,,,,,,,,,,,,,,,,,,,,,,,,,,,,,,,,,,,,,,,,,,,,,,,,,,,,,,,,,,,,,,,,,,,,,,,,,,,,,,,,,,,,,,,,,,,,,,12.67,,,,,100457,
[4686],OCEAN ISLAND,MASCARENE ISLANDS INCL. REUNION / REUNION / PITON DE LA FOURNAISE / OCEANITE SERIES / INDIAN OCEAN,,-21.24,-21.24,55.73,55.73,SUBAERIAL,,,s RF95-72 [4686],OCEANITE [4686],,,,,,,,,VOLCANIC ROCK,,,,,WHOLE_ROCK [4686] ,,,,,,,,,,,,,,,,,,,,,,,,,,,,,,,,,,,,,,,,,,,,,,,,,,,,,,,,,,,,,,,,,,,,,,,,,,,,,,,,,,,,,,,,,,,,,,,,,,,,,,,,,,,,,,,,,,,,,,,,,,,,,,,,,,,,,,,,,,,12.49,,,,,100458,
[4686],OCEAN ISLAND,MASCARENE ISLANDS INCL. REUNION / REUNION / PITON DE LA FOURNAISE / OCEANITE SERIES / INDIAN OCEAN,,-21.24,-21.24,55.73,55.73,SUBAERIAL,,,s RF95-74 [4686],OCEANITE [4686],,,,,,,,,VOLCANIC ROCK,,,,,WHOLE_ROCK [4686] ,,,,,,,,,,,,,,,,,,,,,,,,,,,,,,,,,,,,,,,,,,,,,,,,,,,,,,,,,,,,,,,,,,,,,,,,,,,,,,,,,,,,,,,,,,,,,,,,,,,,,,,,,,,,,,,,,,,,,,,,,,,,,,,,,,,,,,,,,,,12.74,,,,,100459,
[4686],OCEAN ISLAND,MASCARENE ISLANDS INCL. REUNION / REUNION / PITON DE LA FOURNAISE / OCEANITE SERIES / INDIAN OCEAN,,-21.24,-21.24,55.73,55.73,SUBAERIAL,,,s RF95-77 [4686],OCEANITE [4686],,,,,,,,,VOLCANIC ROCK,,,,,WHOLE_ROCK [4686] ,,,,,,,,,,,,,,,,,,,,,,,,,,,,,,,,,,,,,,,,,,,,,,,,,,,,,,,,,,,,,,,,,,,,,,,,,,,,,,,,,,,,,,,,,,,,,,,,,,,,,,,,,,,,,,,,,,,,,,,,,,,,,,,,,,,,,,,,,,,12.97,,,,,100460,
[4686],OCEAN ISLAND,MASCARENE ISLANDS INCL. REUNION / REUNION / PITON DE LA FOURNAISE / OCEANITE SERIES / INDIAN OCEAN,,-21.24,-21.24,55.73,55.73,SUBAERIAL,,,s RF95-79 [4686],OCEANITE [4686],,,,,,,,,VOLCANIC ROCK,,,,,WHOLE_ROCK [4686] ,,,,,,,,,,,,,,,,,,,,,,,,,,,,,,,,,,,,,,,,,,,,,,,,,,,,,,,,,,,,,,,,,,,,,,,,,,,,,,,,,,,,,,,,,,,,,,,,,,,,,,,,,,,,,,,,,,,,,,,,,,,,,,,,,,,,,,,,,,,13.07,,,,,100461,
[4686],OCEAN ISLAND,MASCARENE ISLANDS INCL. REUNION / MAURITIUS / INDIAN OCEAN,,-20.33,-20.33,57.5,57.5,SUBAERIAL,,,s MR94-0202 [4686],OCEANITE [4686],,,,,,,,,VOLCANIC ROCK,,,,,WHOLE_ROCK [4686] ,,,,,,,,,,,,,,,,,,,,,,,,,,,,,,,,,,,,,,,,,,,,,,,,,,,,,,,,,,,,,,,,,,,,,,,,,,,,,,,,,,,,,,,,,,,,,,,,,,,,,,,,,,,,,,,,,,,,,,,,,,,,,,,,,,,,,,,,,,,11.36,,,,,100462,
[2745],CONTINENTAL FLOOD BASALT,DECCAN / SOUTHERN DECCAN,BOMBAY ISLAND,19.03,19.03,72.92,72.92,SUBAERIAL,,,s 17 [2745],OCEANITE [2745],,,,CENOZOIC [2745],,,,,VOLCANIC ROCK,,,,,WHOLE_ROCK [2745] ,207541.14,13065.612000000001,,58958.561400000006,,21611.46,62261.729999999996,,75615.26,113371.52,,,4482.81,9347.3982,,,,,,,,,,,,,,,,,,,,,,,,,,,,,,,,,,,,,,,,,,,,,,,,,,,,,,,,,,,,,,,,,,,,,,,,,,,,,,,,,,,,,,,,,,,,,,,,,,,,,,,,,,,,,,,,,,,,,,,,,,,,,,,,,,102733,
[2745],CONTINENTAL FLOOD BASALT,DECCAN / SOUTHERN DECCAN,BOMBAY ISLAND,19.03,19.03,72.92,72.92,SUBAERIAL,,,s 20 [2745],OCEANITE [2745],,,,CENOZOIC [2745],,,,,VOLCANIC ROCK,,,,,WHOLE_ROCK [2745] ,204830.01700000002,12765.942,,51019.79640000001,,25038.52,85425.27,,59034.22,118256.14399999999,,,4897.884999999999,8828.0983,829.1999000000001,,,,,,,,,,,,,,,,,,,,,,,,,,,,,,,,,,,,,,,,,,,,,,,,,,,,,,,,,,,,,,,,,,,,,,,,,,,,,,,,,,,,,,,,,,,,,,,,,,,,,,,,,,,,,,,,,,,,,,,,,,,,,,,,,102736,
[1229],OCEAN ISLAND,MASCARENE ISLANDS INCL. REUNION / REUNION / PITON DES NEIGES / OCEANITE SERIES / INDIAN OCEAN,,-21,-21,55.85,55.85,SUBAERIAL,,,s RE704 [1229],OCEANITE [1229],,,,,,,,,VOLCANIC ROCK,,,,,WHOLE_ROCK [1229] ,210205.51950000002,13904.687999999998,,66526.85070000001,,,,89778.15000000001,67467.68,71701.456,1316.5786,,5645.02,19362.467699999997,1091.0525,,,,,,,,,,,,,,,,0,,,,,,,,,,,,,,,,,,,,,,,,,,,,29,,272,721,,,,376,75,100,,,,,,19,309,25,145,19,,,,,,,,,,,,,170,14,27,,17,,,,,,,,,,,,,,,,,,,,,,,3,,,,,,,,,,,,,,,,,,,,,,,,,,11249,
[497],OCEAN ISLAND,MASCARENE ISLANDS INCL. REUNION / REUNION / PITON DE LA FOURNAISE / OCEANITE SERIES / INDIAN OCEAN,"GRAND BRULE, CLOSE TO VIERGE AU PARASOL",-21.24,-21.24,55.73,55.73,SUBAERIAL,,,s RE1931 [497],OCEANITE [497],,,,,,,1931,,VOLCANIC ROCK,,,,"HE3_HE4(R/R(A)) from OLIVINE [497], HE4_HE3 from OLIVINE [497]",MINERAL / COMPONENT (INCL. GROUNDMASS) [497] ,,,,,,,,,,,,,,,,,,,,,,,,,,,,,,,,,,,,,,,,,,,,,,,,,,,,,,,,,,,,,,,,,,,,,,,,,,,,,,,,,,,,,,,,,,,,,,,,,,,,,,,,,,,,,,,,,,,,,,,,,,,,,,,,,,,,,,,,,,,12.5,57600,,,,11874,
[497],OCEAN ISLAND,MASCARENE ISLANDS INCL. REUNION / REUNION / PITON DE LA FOURNAISE / OCEANITE SERIES / INDIAN OCEAN,SOUTH TO VIERGE AU PARASOL,-21.24,-21.24,55.73,55.73,SUBAERIAL,,,s RE961 [497],OCEANITE [497],,,,,,,1969,,VOLCANIC ROCK,,,,"HE3_HE4(R/R(A)) from OLIVINE [497], HE4_HE3 from OLIVINE [497]",MINERAL / COMPONENT (INCL. GROUNDMASS) [497] ,,,,,,,,,,,,,,,,,,,,,,,,,,,,,,,,,,,,,,,,,,,,,,,,,,,,,,,,,,,,,,,,,,,,,,,,,,,,,,,,,,,,,,,,,,,,,,,,,,,,,,,,,,,,,,,,,,,,,,,,,,,,,,,,,,,,,,,,,,,12.6,57400,,,,11875,
[497],OCEAN ISLAND,MASCARENE ISLANDS INCL. REUNION / REUNION / PITON DE LA FOURNAISE / INDIAN OCEAN,PITON SAINTE ROSE,-21.24,-21.24,55.73,55.73,SUBAERIAL,,,s RE1977C [497],OCEANITE [497],,,,,,,1977,,VOLCANIC ROCK,,,,"HE3_HE4(R/R(A)) from OLIVINE [497], HE4_HE3 from OLIVINE [497]",MINERAL / COMPONENT (INCL. GROUNDMASS) [497] ,,,,,,,,,,,,,,,,,,,,,,,,,,,,,,,,,,,,,,,,,,,,,,,,,,,,,,,,,,,,,,,,,,,,,,,,,,,,,,,,,,,,,,,,,,,,,,,,,,,,,,,,,,,,,,,,,,,,,,,,,,,,,,,,,,,,,,,,,,,12.8,56600,,,,11878,
[497],OCEAN ISLAND,MASCARENE ISLANDS INCL. REUNION / REUNION / PITON DES NEIGES / OCEANITE SERIES / INDIAN OCEAN,CAP CHAMPAGNE,-21,-21,55.85,55.85,SUBAERIAL,,,s RECAPCHB [497],OCEANITE [497],440000 [497],440000 [497],,,,,,,VOLCANIC ROCK,,,,"HE3_HE4(R/R(A)) from OLIVINE [497], HE4_HE3 from OLIVINE [497]",MINERAL / COMPONENT (INCL. GROUNDMASS) [497] ,,,,,,,,,,,,,,,,,,,,,,,,,,,,,,,,,,,,,,,,,,,,,,,,,,,,,,,,,,,,,,,,,,,,,,,,,,,,,,,,,,,,,,,,,,,,,,,,,,,,,,,,,,,,,,,,,,,,,,,,,,,,,,,,,,,,,,,,,,,13.4,53900,,,,11880,
[497],OCEAN ISLAND,MASCARENE ISLANDS INCL. REUNION / REUNION / PITON DES NEIGES / OCEANITE SERIES / INDIAN OCEAN,,-21,-21,55.85,55.85,SUBAERIAL,,,s RECB [497],OCEANITE [497],1950000 [497],1950000 [497],,,,,,,VOLCANIC ROCK,,,,"HE3_HE4(R/R(A)) from OLIVINE [497], HE4_HE3 from OLIVINE [497]",MINERAL / COMPONENT (INCL. GROUNDMASS) [497] ,,,,,,,,,,,,,,,,,,,,,,,,,,,,,,,,,,,,,,,,,,,,,,,,,,,,,,,,,,,,,,,,,,,,,,,,,,,,,,,,,,,,,,,,,,,,,,,,,,,,,,,,,,,,,,,,,,,,,,,,,,,,,,,,,,,,,,,,,,,11.1,65250,,,,11882,
[490],OCEAN ISLAND,MASCARENE ISLANDS INCL. REUNION / REUNION / PITON DE LA FOURNAISE / OCEANITE SERIES / INDIAN OCEAN,"PLAINE DES REMPARTS, 3 M FROM THE DGE OF THE CALDERA",-21.22,-21.22,55.65,55.65,SUBAERIAL,2330,2330,s RE90-06A [490],OCEANITE [490],,,,,,,,HIGHLY VESICULAR [490] ,VOLCANIC ROCK,,,FRESH,HE4_HE3 from OLIVINE [490],MINERAL / COMPONENT (INCL. GROUNDMASS) [490] ,,,,,,,,,,,,,,,,,,,,,,,,,,,,,,,,,,,,,,,,,,,,,,,,,,,,,,,,,,,,,,,,,,,,,,,,,,,,,,,,,,,,,,,,,,,,,,,,,,,,,,,,,,,,,,,,,,,,,,,,,,,,,,,,,,,,,,,,,,,,10710,,,,12080,
[490],OCEAN ISLAND,MASCARENE ISLANDS INCL. REUNION / REUNION / PITON DE LA FOURNAISE / OCEANITE SERIES / INDIAN OCEAN,"PLAINE DES REMPARTS, 3 M FROM THE DGE OF THE CALDERA",-21.22,-21.22,55.65,55.65,SUBAERIAL,2330,2330,s RE90-06B [490],OCEANITE [490],,,,,,,,HIGHLY VESICULAR [490] ,VOLCANIC ROCK,,,FRESH,HE4_HE3 from OLIVINE [490],MINERAL / COMPONENT (INCL. GROUNDMASS) [490] ,,,,,,,,,,,,,,,,,,,,,,,,,,,,,,,,,,,,,,,,,,,,,,,,,,,,,,,,,,,,,,,,,,,,,,,,,,,,,,,,,,,,,,,,,,,,,,,,,,,,,,,,,,,,,,,,,,,,,,,,,,,,,,,,,,,,,,,,,,,,12970,,,,12081,
[490],OCEAN ISLAND,MASCARENE ISLANDS INCL. REUNION / REUNION / PITON DE LA FOURNAISE / OCEANITE SERIES / INDIAN OCEAN,"PLAINE DES REMPARTS, 3 M FROM THE DGE OF THE CALDERA",-21.22,-21.22,55.65,55.65,SUBAERIAL,2330,2330,s RE90-06C [490],OCEANITE [490],,,,,,,,HIGHLY VESICULAR [490] ,VOLCANIC ROCK,,,FRESH,HE4_HE3 from OLIVINE [490],MINERAL / COMPONENT (INCL. GROUNDMASS) [490] ,,,,,,,,,,,,,,,,,,,,,,,,,,,,,,,,,,,,,,,,,,,,,,,,,,,,,,,,,,,,,,,,,,,,,,,,,,,,,,,,,,,,,,,,,,,,,,,,,,,,,,,,,,,,,,,,,,,,,,,,,,,,,,,,,,,,,,,,,,,,12850,,,,12082,
[490],OCEAN ISLAND,MASCARENE ISLANDS INCL. REUNION / REUNION / PITON DE LA FOURNAISE / OCEANITE SERIES / INDIAN OCEAN,PLAINE DES SABLES,-21.22,-21.22,55.66,55.66,SUBAERIAL,2260,2260,s RE90-08A [490],OCEANITE [490],,,,,,,,,VOLCANIC ROCK,,,,HE4_HE3 from OLIVINE [490],MINERAL / COMPONENT (INCL. GROUNDMASS) [490] ,,,,,,,,,,,,,,,,,,,,,,,,,,,,,,,,,,,,,,,,,,,,,,,,,,,,,,,,,,,,,,,,,,,,,,,,,,,,,,,,,,,,,,,,,,,,,,,,,,,,,,,,,,,,,,,,,,,,,,,,,,,,,,,,,,,,,,,,,,,,46300,,,,12085,
[490],OCEAN ISLAND,MASCARENE ISLANDS INCL. REUNION / REUNION / PITON DE LA FOURNAISE / OCEANITE SERIES / INDIAN OCEAN,PLAINE DES SABLES,-21.22,-21.22,55.66,55.66,SUBAERIAL,2260,2260,s RE90-08B [490],OCEANITE [490],,,,,,,,,VOLCANIC ROCK,,,,HE4_HE3 from OLIVINE [490],MINERAL / COMPONENT (INCL. GROUNDMASS) [490] ,,,,,,,,,,,,,,,,,,,,,,,,,,,,,,,,,,,,,,,,,,,,,,,,,,,,,,,,,,,,,,,,,,,,,,,,,,,,,,,,,,,,,,,,,,,,,,,,,,,,,,,,,,,,,,,,,,,,,,,,,,,,,,,,,,,,,,,,,,,,46510,,,,12086,
[490],OCEAN ISLAND,MASCARENE ISLANDS INCL. REUNION / REUNION / PITON DE LA FOURNAISE / OCEANITE SERIES / INDIAN OCEAN,PLAINE DES SABLES,-21.22,-21.22,55.66,55.66,SUBAERIAL,2260,2260,s RE90-08C [490],OCEANITE [490],,,,,,,,,VOLCANIC ROCK,,,,HE4_HE3 from OLIVINE [490],MINERAL / COMPONENT (INCL. GROUNDMASS) [490] ,,,,,,,,,,,,,,,,,,,,,,,,,,,,,,,,,,,,,,,,,,,,,,,,,,,,,,,,,,,,,,,,,,,,,,,,,,,,,,,,,,,,,,,,,,,,,,,,,,,,,,,,,,,,,,,,,,,,,,,,,,,,,,,,,,,,,,,,,,,,48310,,,,12087,
[490],OCEAN ISLAND,MASCARENE ISLANDS INCL. REUNION / REUNION / PITON DE LA FOURNAISE / OCEANITE SERIES / INDIAN OCEAN,FLOOR OF SECOND CALDERA,-21.22,-21.22,55.68,55.68,SUBAERIAL,,,s RE90-24A [490],OCEANITE [490],,,,,,,,,VOLCANIC ROCK,,,,HE4_HE3 from OLIVINE [490],MINERAL / COMPONENT (INCL. GROUNDMASS) [490] ,,,,,,,,,,,,,,,,,,,,,,,,,,,,,,,,,,,,,,,,,,,,,,,,,,,,,,,,,,,,,,,,,,,,,,,,,,,,,,,,,,,,,,,,,,,,,,,,,,,,,,,,,,,,,,,,,,,,,,,,,,,,,,,,,,,,,,,,,,,,35500,,,,12088,
[490],OCEAN ISLAND,MASCARENE ISLANDS INCL. REUNION / REUNION / PITON DE LA FOURNAISE / OCEANITE SERIES / INDIAN OCEAN,FLOOR OF SECOND CALDERA,-21.22,-21.22,55.68,55.68,SUBAERIAL,,,s RE90-24B [490],OCEANITE [490],,,,,,,,,VOLCANIC ROCK,,,,HE4_HE3 from OLIVINE [490],MINERAL / COMPONENT (INCL. GROUNDMASS) [490] ,,,,,,,,,,,,,,,,,,,,,,,,,,,,,,,,,,,,,,,,,,,,,,,,,,,,,,,,,,,,,,,,,,,,,,,,,,,,,,,,,,,,,,,,,,,,,,,,,,,,,,,,,,,,,,,,,,,,,,,,,,,,,,,,,,,,,,,,,,,,41740,,,,12089,
[490],OCEAN ISLAND,MASCARENE ISLANDS INCL. REUNION / REUNION / PITON DE LA FOURNAISE / OCEANITE SERIES / INDIAN OCEAN,FLOOR OF SECOND CALDERA,-21.22,-21.22,55.68,55.68,SUBAERIAL,,,s RE90-25 [490],OCEANITE [490],,,,,,,,,VOLCANIC ROCK,,,,HE4_HE3 from OLIVINE [490],MINERAL / COMPONENT (INCL. GROUNDMASS) [490] ,,,,,,,,,,,,,,,,,,,,,,,,,,,,,,,,,,,,,,,,,,,,,,,,,,,,,,,,,,,,,,,,,,,,,,,,,,,,,,,,,,,,,,,,,,,,,,,,,,,,,,,,,,,,,,,,,,,,,,,,,,,,,,,,,,,,,,,,,,,,37970,,,,12090,
[490],OCEAN ISLAND,MASCARENE ISLANDS INCL. REUNION / REUNION / PITON DE LA FOURNAISE / OCEANITE SERIES / INDIAN OCEAN,FLOOR OF SECOND CALDERA,-21.22,-21.22,55.68,55.68,SUBAERIAL,,,s RE90-15A [490],OCEANITE [490],,,,,,,,,VOLCANIC ROCK,,,,HE4_HE3 from OLIVINE [490],MINERAL / COMPONENT (INCL. GROUNDMASS) [490] ,,,,,,,,,,,,,,,,,,,,,,,,,,,,,,,,,,,,,,,,,,,,,,,,,,,,,,,,,,,,,,,,,,,,,,,,,,,,,,,,,,,,,,,,,,,,,,,,,,,,,,,,,,,,,,,,,,,,,,,,,,,,,,,,,,,,,,,,,,,,44385,,,,12091,
[490],OCEAN ISLAND,MASCARENE ISLANDS INCL. REUNION / REUNION / PITON DE LA FOURNAISE / OCEANITE SERIES / INDIAN OCEAN,FLOOR OF SECOND CALDERA,-21.22,-21.22,55.68,55.68,SUBAERIAL,,,s RE90-15B [490],OCEANITE [490],,,,,,,,,VOLCANIC ROCK,,,,HE4_HE3 from OLIVINE [490],MINERAL / COMPONENT (INCL. GROUNDMASS) [490] ,,,,,,,,,,,,,,,,,,,,,,,,,,,,,,,,,,,,,,,,,,,,,,,,,,,,,,,,,,,,,,,,,,,,,,,,,,,,,,,,,,,,,,,,,,,,,,,,,,,,,,,,,,,,,,,,,,,,,,,,,,,,,,,,,,,,,,,,,,,,39170,,,,12092,
[490],OCEAN ISLAND,MASCARENE ISLANDS INCL. REUNION / REUNION / PITON DE LA FOURNAISE / OCEANITE SERIES / INDIAN OCEAN,FLOOR OF SECOND CALDERA,-21.22,-21.22,55.68,55.68,SUBAERIAL,,,s RE90-31 [490],OCEANITE [490],,,,,,,,,VOLCANIC ROCK,,,,HE4_HE3 from OLIVINE [490],MINERAL / COMPONENT (INCL. GROUNDMASS) [490] ,,,,,,,,,,,,,,,,,,,,,,,,,,,,,,,,,,,,,,,,,,,,,,,,,,,,,,,,,,,,,,,,,,,,,,,,,,,,,,,,,,,,,,,,,,,,,,,,,,,,,,,,,,,,,,,,,,,,,,,,,,,,,,,,,,,,,,,,,,,,6998,,,,12093,
[490],OCEAN ISLAND,MASCARENE ISLANDS INCL. REUNION / REUNION / PITON DE LA FOURNAISE / OCEANITE SERIES / INDIAN OCEAN,THIRD CALDERA,-21.23,-21.23,55.68,55.68,SUBAERIAL,,,s RE90-28 [490],OCEANITE [490],,,,,,,,,VOLCANIC ROCK,,,,HE4_HE3 from OLIVINE [490],MINERAL / COMPONENT (INCL. GROUNDMASS) [490] ,,,,,,,,,,,,,,,,,,,,,,,,,,,,,,,,,,,,,,,,,,,,,,,,,,,,,,,,,,,,,,,,,,,,,,,,,,,,,,,,,,,,,,,,,,,,,,,,,,,,,,,,,,,,,,,,,,,,,,,,,,,,,,,,,,,,,,,,,,,,55070,,,,12094,
[490],OCEAN ISLAND,MASCARENE ISLANDS INCL. REUNION / REUNION / PITON DE LA FOURNAISE / OCEANITE SERIES / INDIAN OCEAN,,-21.23,-21.23,55.72,55.72,SUBAERIAL,2480,2480,s RE90-27A [490],OCEANITE [490],,,,,,,1990,,VOLCANIC ROCK,,,,HE4_HE3 from OLIVINE [490],MINERAL / COMPONENT (INCL. GROUNDMASS) [490] ,,,,,,,,,,,,,,,,,,,,,,,,,,,,,,,,,,,,,,,,,,,,,,,,,,,,,,,,,,,,,,,,,,,,,,,,,,,,,,,,,,,,,,,,,,,,,,,,,,,,,,,,,,,,,,,,,,,,,,,,,,,,,,,,,,,,,,,,,,,,54650,,,,12095,
[490],OCEAN ISLAND,MASCARENE ISLANDS INCL. REUNION / REUNION / PITON DE LA FOURNAISE / OCEANITE SERIES / INDIAN OCEAN,,-21.23,-21.23,55.72,55.72,SUBAERIAL,2480,2480,s RE90-27B [490],OCEANITE [490],,,,,,,1990,,VOLCANIC ROCK,,,,HE4_HE3 from OLIVINE [490],MINERAL / COMPONENT (INCL. GROUNDMASS) [490] ,,,,,,,,,,,,,,,,,,,,,,,,,,,,,,,,,,,,,,,,,,,,,,,,,,,,,,,,,,,,,,,,,,,,,,,,,,,,,,,,,,,,,,,,,,,,,,,,,,,,,,,,,,,,,,,,,,,,,,,,,,,,,,,,,,,,,,,,,,,,55640,,,,12096,
[520],OCEAN ISLAND,TRISTAN DA CUNHA GROUP / INACCESSIBLE / ATLANTIC OCEAN,,-37.32,-37.32,-12.73,-12.73,SUBAERIAL,,,s GEOL10 [520],OCEANITE [520],,,,,,,,,VOLCANIC ROCK,,,,,WHOLE_ROCK [520] ,223106.7255,17021.255999999998,,75312.4173,,,,79828.70999999999,68253.85,50414.14399999999,1161.687,,9629.74,26410.1092,2182.105,,,,,,,,,,,,,,,,3700.,,,,,,,,,,,,,,,,,,,,,,,,,316,,,,,255,296,,,60,165,44,91,,,,,,40,799,23.1,223,51,,,,,,,,,,,,,568,46.8,91.5,11.1,44.4,8.3,2.7,6.6,,5.3,0.9,2.5,,1.9,0.2,,,,,,,,,,,,,5,,,,,,,,,,,,,,,,,,,,,,,,,,12618,
[498],OCEAN ISLAND,MASCARENE ISLANDS INCL. REUNION / REUNION / PITON DES NEIGES / INDIAN OCEAN,"DIKE CENTER, SOUTH FLANK",-21,-21,55.85,55.85,SUBAERIAL,,,s RE78 [498],OCEANITE [498],,,,,,,,,VOLCANIC ROCK,,,,"HE3_HE4 from OLIVINE [498], HE3_HE4(R/R(A)) from OLIVINE [498]",MINERAL / COMPONENT (INCL. GROUNDMASS) [498] ,,,,,,,,,,,,,,,,,,,,,,,,,,,,,,,,,,,,,,,,,,,,,,,,,,,,,,,,,,,,,,,,,,,,,,,,,,,,,,,,,,,,,,,,,,,,,,,,,,,,,,,,,,,,,,,,,,,,,,,,,,,,,,,,,,,,,,,,,,0.0000187,13.6,,,,,13059,
[1258],OCEAN ISLAND,MASCARENE ISLANDS INCL. REUNION / REUNION / PITON DES NEIGES / OCEANITE SERIES / INDIAN OCEAN,RIVIERE ST. DENIS CANYON,-21,-21,55.85,55.85,SUBAERIAL,,,s RN8-3 [1258],OCEANITE [1258],2000000 [1258],2000000 [1258],,,,,,,VOLCANIC ROCK,,,,,WHOLE_ROCK [1258] ,,,,,,,,,,,,,,,,,,,,,,,,,,,,,,,,,,,,,,,,,,,,,,,,,,,,,,,,,,,,,,,,,,,,,,,,,,4,287,,,,,,,,,,,,,,,,,,,,,,,,,,,,,,,,,,,,,,,,,,,,,,,,0.7043,,,,,,,,,,,,,,,,,,,,,13242,
[1258],OCEAN ISLAND,MASCARENE ISLANDS INCL. REUNION / REUNION / PITON DES NEIGES / OCEANITE SERIES / INDIAN OCEAN,RIVIERE ST. DENIS CANYON,-21,-21,55.85,55.85,SUBAERIAL,,,s RN18-2 [1258],OCEANITE [1258],2000000 [1258],2000000 [1258],,,,,,,VOLCANIC ROCK,,,,,WHOLE_ROCK [1258] ,,,,,,,,,,,,,,,,,,,,,,,,,,,,,,,,,,,,,,,,,,,,,,,,,,,,,,,,,,,,,,,,,,,,,,,,,,14,389,,,,,,,,,,,,,,,,,,,,,,,,,,,,,,,,,,,,,,,,,,,,,,,,0.7041,,,,,,,,,,,,,,,,,,,,,13243,
[1258],OCEAN ISLAND,MASCARENE ISLANDS INCL. REUNION / REUNION / PITON DES NEIGES / OCEANITE SERIES / INDIAN OCEAN,RIVIERE ST. DENIS CANYON,-21,-21,55.85,55.85,SUBAERIAL,,,s RN21-2 [1258],OCEANITE [1258],2000000 [1258],2000000 [1258],,,,,,,VOLCANIC ROCK,,,,,WHOLE_ROCK [1258] ,,,,,,,,,,,,,,,,,,,,,,,,,,,,,,,,,,,,,,,,,,,,,,,,,,,,,,,,,,,,,,,,,,,,,,,,,,14,337,,,,,,,,,,,,,,,,,,,,,,,,,,,,,,,,,,,,,,,,,,,,,,,,0.7042,,,,,,,,,,,,,,,,,,,,,13244,
[1258],OCEAN ISLAND,MASCARENE ISLANDS INCL. REUNION / REUNION / PITON DES NEIGES / OCEANITE SERIES / INDIAN OCEAN,RIVIERE ST. DENIS CANYON,-21,-21,55.85,55.85,SUBAERIAL,,,s RN22-1 [1258],OCEANITE [1258],2000000 [1258],2000000 [1258],,,,,,,VOLCANIC ROCK,,,,,WHOLE_ROCK [1258] ,,,,,,,,,,,,,,,,,,,,,,,,,,,,,,,,,,,,,,,,,,,,,,,,,,,,,,,,,,,,,,,,,,,,,,,,,,14,373,,,,,,,,,,,,,,,,,,,,,,,,,,,,,,,,,,,,,,,,,,,,,,,,0.704,,,,,,,,,,,,,,,,,,,,,13245,
[1247],OCEAN ISLAND,MASCARENE ISLANDS INCL. REUNION / REUNION / PITON DES NEIGES / OCEANITE SERIES / INDIAN OCEAN,"SALAZIE BASIN, HELL D^BOURG",-20.91,-21.91,55.4,55.4,SUBAERIAL,,,s S722 [1247],OCEANITE [1247],,,,,,,,,VOLCANIC ROCK,,,,,WHOLE_ROCK [1247] ,209177.1625,12945.744,,71978.136,,21331.699999999997,67003.26,86435.76,68611.2,75983.04,1471.4702,,4897.884999999999,20846.1817,1309.263,,9400.,6500.,,,,,,,,,,,,,,,,,,,,,,,,,,,,,,,,,,,,,,,,,29.8,,,533,,,64,450,,,,,,,,15.3,,,157,,,,,,,,,,0.06,,,0.2,120,13.9,27,,,,1.66,,0.69,,,,,,,3.7,1.2,,,,,,,,,,,1.59,0.38,,,,,,,,,,,,,,,,,,,,,,,,,13343,
[1247],OCEAN ISLAND,MASCARENE ISLANDS INCL. REUNION / REUNION / PITON DES NEIGES / OCEANITE SERIES / INDIAN OCEAN,CAP BERNARD,-20.91,-21.91,55.4,55.4,SUBAERIAL,,,s S723 [1247],OCEANITE [1247],,,,,,,,,VOLCANIC ROCK,,,,,WHOLE_ROCK [1247] ,215908.22650000002,16781.519999999997,,73036.638,,18604.04,71511.59999999999,89234.04000000001,83262.55,54273.6,1471.4702,,5312.96,17952.9394,1527.4734999999998,,200.,2800.0000000000005,,,,,,,,,,,,,,,,,,,,,,,,,,,,,,,,,,,,,,,,,33.1,,,322,,,54.1,228,,,,,,,,11.3,523,,233,,,,,,,,,,0.07,,,0.12,169,21.6,54,,,,2.36,,0.89,,,,,,,5.17,2,,,,,,,,,,,2.74,0.51,,,,,,,,,,,,,,,,,,,,,,,,,13344,
[2813][2186][2193],CONVERGENT MARGIN,SCOTIA ARC / SOUTH SANDWICH ISLAND ARC / MONTAGU / ATLANTIC OCEAN,MATHIAS POINT,-58.433,-58.433,-26.266,-26.266,SUBAERIAL,,,s SSM5.2 [2813] / s SSM5.2BUNTREATED [2186] / s SSM.5.2 [2193],OCEANITE [2813] / BASALT [2193],,,,,,,,HIGHLY PORPHYRITIC [2193] ,VOLCANIC ROCK,,,,,WHOLE_ROCK [2813] ,232361.93850000002,2996.7,,102039.59280000001,,19862.96,54955.11,,72684.99,53730.863999999994,697.0122,,1660.3000000000002,9495.7696,174.5684,,1300.,0,,,,,,,,,,,,,,,,,,,,,,,,,,,3,,,,,,,,,,,,,,65,,300,340,,,60,80,55,,10,,,,,10,105,,31,,,,,,,,,,,,,,28,,,,,,,,,,,,,,,,,,,,,,,,,,,,,0.512919,,,0.704654,,,,,,,,,,,,,,,,,,,,,14181-SSM 5.2,
[1271],OCEAN ISLAND,PITCAIRN-GAMBIER CHAIN / MURUROA ATOLL / PACIFIC OCEAN,"VIVIANE DRILL HOLE, RIFT ZONE",-21.88,-21.88,-138.75,-138.75,SUBAERIAL,,,s 4 [1271],OCEANITE [1271],,,,,,,,,VOLCANIC ROCK,,,SLIGHTLY ALTERED,,WHOLE_ROCK [1271] ,196322.7,25352.082000000002,,66156.375,,100224.02,,,79546.11,57831.53599999999,1471.4702,,7720.395,18323.8679,,11100.000000000002,,,,,,,,,,,,,,,,,,,,,,,,,,,,,,,,,,,,,,,,,,,,,,,,,,,,,,,,,,,,,,,,,,,,,,,,,,,,,,,,,,,,,,,,,,,,,,,,,,,,,,,,,,,,,,,,,,,,,,,,,,,,,,,,14788,
[1298],OCEAN ISLAND,COMOROS / GRANDE COMORE (NJAZIDJA) / MOUNT KARTHALA / K1 AND 2 UNITS / INDIAN OCEAN,,-11.35,-11.35,43.2,43.2,SUBAERIAL,,,s 85KA36 [1298],OCEANITE [1298],,,,,,,1850,,VOLCANIC ROCK,,,,,WHOLE_ROCK [1298] ,213898.256,11567.261999999999,,62663.318400000004,,,,86047.11,84763.42,74354.832,1239.1328,,7886.424999999999,18175.4965,1614.7576999999999,,,,,,,,,,,,,,,,,,,,,,,,,,,,,,,,,,,,,,,,,,,,25.3,,,765,,,54.6,332,,,,,,,,23,406,,158,32,,,,,,,,,,,,,298,,,,,,,,,,,,,,,,,,,,,,,,,,,3.01,0.78,,,,0.70343,,,,,,,,,,,,,,,,,,,,,14882,
[1298],OCEAN ISLAND,COMOROS / GRANDE COMORE (NJAZIDJA) / MOUNT KARTHALA / K1 AND 2 UNITS / INDIAN OCEAN,,-11.35,-11.35,43.2,43.2,SUBAERIAL,,,s 85KA37 [1298],OCEANITE [1298],,,,,,,1977,,VOLCANIC ROCK,,,,,WHOLE_ROCK [1298] ,213243.847,11147.724,,56365.2315,,,,90399.99,70469.42,93591.80799999999,1394.0244,,7969.44,17433.6395,1571.1155999999999,,,,,,,,,,,,,,,,,,,,,,,,,,,,,,,,,,,,,,,,,,,,22.9,,,1024,,,64.2,484,,,,,,,,22,416,,147,33,,,,,,,,,,,,,271.3,,,,,,,,,,,,,,,,,,,,,,,,,,,3.09,0.79,,,,0.70393,,,,,,,,,,,,,,,,,,,,,14888,
[868],OCEAN ISLAND,CANARY ISLANDS / LANZAROTE / LOS HELECHOS-LA QUEMADA / ATLANTIC OCEAN,LAS PENAS DEL TAO,29,29,-13.6,-13.6,SUBAERIAL,,,s 3 [868],OCEANITE [868],,,,,,,,,VOLCANIC ROCK,,,,,WHOLE_ROCK [868] ,219227.015,12945.744,,69120.1806,,22170.98,62106.270000000004,,72899.4,64706.191999999995,1084.2412000000002,,8052.455,24555.4667,2924.0207,2800.0000000000005,,,,,,,,,,,,,,,,,,,,,,,,,,,,,,,,,,,,,,,,,,,,,,,,,,,,,,,,,,,,,,,,,,,,,,,,,,,,,,,,,,,,,,,,,,,,,,,,,,,,,,,,,,,,,,,,,,,,,,,,,,,,,,,,15281,
[868],OCEAN ISLAND,CANARY ISLANDS / LANZAROTE / LOS HELECHOS-LA QUEMADA / ATLANTIC OCEAN,,29,29,-13.6,-13.6,SUBAERIAL,,,s 8 [868],OCEANITE [868],,,,,,,,,VOLCANIC ROCK,,,,,WHOLE_ROCK [868] ,200529.61500000002,16302.048,,65362.4985,,26647.14,65604.12,,75901.14,74776.95999999999,1239.1328,,13282.400000000001,25964.995,3884.1469,3500.,,,,1000.,,,,,,,,,,,,,,,,,,,,,,,,,,,,,,,,,,,,,,,,,,,,,,,,,,,,,,,,,,,,,,,,,,,,,,,,,,,,,,,,,,,,,,,,,,,,,,,,,,,,,,,,,,,,,,,,,,,,,,,,,,,,15286,
[868],OCEAN ISLAND,CANARY ISLANDS / LANZAROTE / ATLANTIC OCEAN,MONTANA NEGRA,29,29,-13.6,-13.6,SUBAERIAL,,,s 18 [868],OCEANITE [868],,,,,,,1824,,VOLCANIC ROCK,,,,,WHOLE_ROCK [868] ,205437.68250000002,13664.951999999997,,61551.89130000001,,14547.52,70112.45999999999,,75400.85,87682.01599999999,1161.687,,10791.95,22923.381299999997,3753.2206,1800.,,,,0,,,,,,,,,,,,,,,,,,,,,,,,,,,,,,,,,,,,,,,,,,,,,,,,,,,,,,,,,,,,,,,,,,,,,,,,,,,,,,,,,,,,,,,,,,,,,,,,,,,,,,,,,,,,,,,,,,,,,,,,,,,,15296,
[1229],OCEAN ISLAND,MASCARENE ISLANDS INCL. REUNION / REUNION / PITON DE LA FOURNAISE / OCEANITE SERIES / INDIAN OCEAN,,-21.24,-21.24,55.73,55.73,SUBAERIAL,,,s RE115 [1229],OCEANITE [1229],,,,,,,,,VOLCANIC ROCK,,,,,WHOLE_ROCK [1229] ,206653.01350000003,8450.694,,41863.754100000006,,,,101204.45999999999,47813.43,142618.96,1548.9160000000002,,3154.57,10311.8123,698.2736,,,,,,,,,,,,,,,,0,,,,,,,,,,,,,,,,,,,,,,,,,,,,24,,187,1738,,,,919,58,104,,,,,,5,184,16,98,12,,,,,,,,,,,,,90,9,13,,7,,,,,,,,,,,,,,,,,,,,,,,1,,,,,,,,,,,,,,,,,,,,,,,,,,15399,
[1229],OCEAN ISLAND,MASCARENE ISLANDS INCL. REUNION / REUNION / PITON DE LA FOURNAISE / OCEANITE SERIES / INDIAN OCEAN,,-21.24,-21.24,55.73,55.73,SUBAERIAL,,,s RE636 [1229],OCEANITE [1229],,,,,,,,,VOLCANIC ROCK,,,,,WHOLE_ROCK [1229] ,219787.93700000003,13185.48,,64409.8467,,,,91799.13,77044.65999999999,75199.088,1394.0244,,5229.945,15801.5541,1047.4104,,,,,,,,,,,,,,,,0,,,,,,,,,,,,,,,,,,,,,,,,,,,,33,,291,757,,,,334,82,95,,,,,,17,305,23,143,19,,,,,,,,,,,,,161,15,30,,16,,,,,,,,,,,,,,,,,,,,,,,3,,,,,,,,,,,,,,,,,,,,,,,,,,15405,
[1229],OCEAN ISLAND,MASCARENE ISLANDS INCL. REUNION / REUNION / PITON DE LA FOURNAISE / OCEANITE SERIES / INDIAN OCEAN,,-21.24,-21.24,55.73,55.73,SUBAERIAL,,,s RE759 [1229],OCEANITE [1229],,,,,,,,,VOLCANIC ROCK,,,,,WHOLE_ROCK [1229] ,217170.301,13245.413999999999,,64568.621999999996,,,,91799.13,70183.54000000001,80747.056,1316.5786,,4399.795,16024.111200000001,1047.4104,,,,,,,,,,,,,,,,0,,,,,,,,,,,,,,,,,,,,,,,,,,,,32,,278,771,,,,448,74,102,,,,,,12,303,22,150,18,,,,,,,,,,,,,134,14,27,,17,,,,,,,,,,,,,,,,,,,,,,,3,,,,,,,,,,,,,,,,,,,,,,,,,,15406,
[319],OCEAN ISLAND,MASCARENE ISLANDS INCL. REUNION / REUNION / PITON DE LA FOURNAISE / OCEANITE SERIES / INDIAN OCEAN,"SURFACE, 50 CM FROM DRILL CORE RE90-18, PLAINE DES REMPARTS",-21.22,-21.22,55.65,55.65,SUBAERIAL,2330,2330,s RE90-06 [319],OCEANITE [319],,,,,,,,,VOLCANIC ROCK,,,,HE4_HE3 from OLIVINE [319],MINERAL / COMPONENT (INCL. GROUNDMASS) [319] ,,,,,,,,,,,,,,,,,,,,,,,,,,,,,,,,,,,,,,,,,,,,,,,,,,,,,,,,,,,,,,,,,,,,,,,,,,,,,,,,,,,,,,,,,,,,,,,,,,,,,,,,,,,,,,,,,,,,,,,,,,,,,,,,,,,,,,,,,,,,10710,,,,15478,
[319],OCEAN ISLAND,MASCARENE ISLANDS INCL. REUNION / REUNION / PITON DE LA FOURNAISE / OCEANITE SERIES / INDIAN OCEAN,"SURFACE, 50 CM FROM DRILL CORE RE90-18, PLAINE DES REMPARTS",-21.22,-21.22,55.65,55.65,SUBAERIAL,2330,2330,s RE90-06 [319],OCEANITE [319],,,,,,,,,VOLCANIC ROCK,,,,HE4_HE3 from OLIVINE [319],MINERAL / COMPONENT (INCL. GROUNDMASS) [319] ,,,,,,,,,,,,,,,,,,,,,,,,,,,,,,,,,,,,,,,,,,,,,,,,,,,,,,,,,,,,,,,,,,,,,,,,,,,,,,,,,,,,,,,,,,,,,,,,,,,,,,,,,,,,,,,,,,,,,,,,,,,,,,,,,,,,,,,,,,,,12970,,,,15479,
[319],OCEAN ISLAND,MASCARENE ISLANDS INCL. REUNION / REUNION / PITON DE LA FOURNAISE / OCEANITE SERIES / INDIAN OCEAN,"PLAINE DES REMPARTS, DRILL CORE RE90-18",-21.22,-21.22,55.65,55.65,SUBAERIAL,2330,2330,s RE90-18-17-22 [319],OCEANITE [319],,,,,,,,,VOLCANIC ROCK,0.22,0.22,,HE4_HE3 from OLIVINE [319],MINERAL / COMPONENT (INCL. GROUNDMASS) [319] ,,,,,,,,,,,,,,,,,,,,,,,,,,,,,,,,,,,,,,,,,,,,,,,,,,,,,,,,,,,,,,,,,,,,,,,,,,,,,,,,,,,,,,,,,,,,,,,,,,,,,,,,,,,,,,,,,,,,,,,,,,,,,,,,,,,,,,,,,,,,9002,,,,15482,
[319],OCEAN ISLAND,MASCARENE ISLANDS INCL. REUNION / REUNION / PITON DE LA FOURNAISE / OCEANITE SERIES / INDIAN OCEAN,"PLAINE DES REMPARTS, DRILL CORE RE90-18",-21.22,-21.22,55.65,55.65,SUBAERIAL,2330,2330,s RE90-18-66-71 [319],OCEANITE [319],,,,,,,,,VOLCANIC ROCK,0.71,0.71,,HE4_HE3 from OLIVINE [319],MINERAL / COMPONENT (INCL. GROUNDMASS) [319] ,,,,,,,,,,,,,,,,,,,,,,,,,,,,,,,,,,,,,,,,,,,,,,,,,,,,,,,,,,,,,,,,,,,,,,,,,,,,,,,,,,,,,,,,,,,,,,,,,,,,,,,,,,,,,,,,,,,,,,,,,,,,,,,,,,,,,,,,,,,,12837,,,,15484,
[319],OCEAN ISLAND,MASCARENE ISLANDS INCL. REUNION / REUNION / PITON DE LA FOURNAISE / OCEANITE SERIES / INDIAN OCEAN,"PLAINE DES REMPARTS, DRILL CORE RE90-18",-21.22,-21.22,55.65,55.65,SUBAERIAL,2330,2330,s RE90-18-103-108 [319],OCEANITE [319],,,,,,,,,VOLCANIC ROCK,1.08,1.08,,HE4_HE3 from OLIVINE [319],MINERAL / COMPONENT (INCL. GROUNDMASS) [319] ,,,,,,,,,,,,,,,,,,,,,,,,,,,,,,,,,,,,,,,,,,,,,,,,,,,,,,,,,,,,,,,,,,,,,,,,,,,,,,,,,,,,,,,,,,,,,,,,,,,,,,,,,,,,,,,,,,,,,,,,,,,,,,,,,,,,,,,,,,,,25965,,,,15485,
[319],OCEAN ISLAND,MASCARENE ISLANDS INCL. REUNION / REUNION / PITON DE LA FOURNAISE / OCEANITE SERIES / INDIAN OCEAN,"PLAINE DES REMPARTS, DRILL CORE RE90-18",-21.22,-21.22,55.65,55.65,SUBAERIAL,2330,2330,s RE90-18-151-156 [319],OCEANITE [319],,,,,,,,,VOLCANIC ROCK,1.56,1.56,,HE4_HE3 from OLIVINE [319],MINERAL / COMPONENT (INCL. GROUNDMASS) [319] ,,,,,,,,,,,,,,,,,,,,,,,,,,,,,,,,,,,,,,,,,,,,,,,,,,,,,,,,,,,,,,,,,,,,,,,,,,,,,,,,,,,,,,,,,,,,,,,,,,,,,,,,,,,,,,,,,,,,,,,,,,,,,,,,,,,,,,,,,,,,34883,,,,15486,
[1248][1185],OCEAN ISLAND,PITCAIRN-GAMBIER CHAIN / MURUROA ATOLL / PACIFIC OCEAN,,-21.88,-21.88,-138.75,-138.75,SUBAERIAL,,,s FU699.0 [1248],PICRITE [1248] / OCEANITE [1185],,,,,,,,,VOLCANIC ROCK,699,699,,,WHOLE_ROCK [1248] ,191648.35,14204.358,,38053.14690000001,,,,107111.93999999999,51744.28,134477.91999999998,1316.5786,,2988.54,6305.7845,654.6315,,,4100.,,,,,,,,,,,,,28300.,,,,,,,,,,,,,,,,,,,,,,,,,,,,27.5,,,968,,,98,600,,,,,,,,6,174,26.5,,,,,,,,,,,,,,,59,12.26,35.91,,17.37,4.77,1.29,3.87,0.42,2.69,,1.21,,0.83,0.13,2.91,1.4,,,,,,,,,,,1.41,0.56,,,,,,,,,,,,,,,,,,,,,,,,,1567-FU 699.0,
[169],OCEAN ISLAND,MASCARENE ISLANDS INCL. REUNION / REUNION / PITON DE LA FOURNAISE / OCEANITE SERIES / INDIAN OCEAN,,-21.24,-21.24,55.73,55.73,SUBAERIAL,,,s OPF [169],OCEANITE [169],,,,,,,,,VOLCANIC ROCK,,,,,WHOLE_ROCK [169] ,214365.69100000002,9469.572,,42234.2298,957.8800000000001,,,93586.92,46169.62,135322.176,1471.4702,,4316.78,10756.9265,829.1999000000001,,,,,,,,,,,,,,,,6800.000000000001,,,,,,,,,,,,,,,,,,,,,,,,,,,,21,,,,,,202,,,,,,,,,12.3,,,101,,,,,,,,,,,,,0.16,94.8,11.99,22,,,3.5,1.24,,0.72,4.2,,,,1.44,0.38,2.5,,,,,,,,,,,,1.6,0.38,,,,,,,,,,,,,,,,,,,,,,,,,15710,
[18],OCEAN ISLAND,MASCARENE ISLANDS INCL. REUNION / REUNION / OCEANITE SERIES / INDIAN OCEAN,,-21,-21,55.85,55.85,SUBAERIAL,,,s RE [18],OCEANITE [18],,,,,,,,,VOLCANIC ROCK,,,,,WHOLE_ROCK [18] ,,,,,,,,,,,,,,,,,,,,,,,,,,,,,,,,,,,,,,,,,,,,,,,,,,,,,,,,,,,,,,,,,,,,,,,,,,,,,,,,,,,,,,,,,,,,,,,,,,,,,,,,,,,,,0.000239,0.000107,,,,,,,,,,,,,,,,,,,,,,,,,,,,,,,,,,15751,
[3488][4358][4894],CONTINENTAL FLOOD BASALT,NORTH ATLANTIC IGNEOUS PROVINCE (NAIP) / EAST GREENLAND / MIKIS FORMATION,"VANDFALSDALEN, BETWEEN CAMPSITE AND SCHJELDERUP GLETSCHER SECTIONS,I. C. JACOBSEN FJORD, KANGERLUSSUAQ AREA",70,71,-26,-32,SUBAERIAL,450,450,s GM40645 [3488],PICRITE [3488] / OCEANITE [4358],,,LOWER [3488] / UPPER [4358],CENOZOIC [3488] / PALEOCENE [4358],,,,APHYRIC [3488] ,VOLCANIC ROCK,,,,,WHOLE_ROCK [3488] ,218105.171,11627.195999999998,,48055.9908,,30633.719999999998,59074.799999999996,94597.41,56532.770000000004,115663.07199999999,1471.4702,,1328.24,10163.4409,872.8420000000001,,,,,,,,,,,,,,,,28800.,,,,,,,,,,,,,,,,,,,,,,,,,,,,28,,268,1342,,,,885,156,93,,,,,,,199,26,146,,,,,,,,,,,,,,51,8.19,22.38,,16.33,4.38,1.54,4.7,,4.3,,2.14,,1.72,,,,,0.000121,0.00123,,,,,,,,,,,,,,,,,,,,,,,,0.13118,,0.48,,,,,,,,16939-GM 40645,
[866],OCEAN ISLAND,CANARY ISLANDS / LANZAROTE / BASALT SERIES I / ATLANTIC OCEAN,"EL AGUJERO, NEAR THE ROAD TO TABAYESCO",29.1,29.1,-13.43,-13.43,SUBAERIAL,,,s 13.352ILM [866],OCEANITE [866],,,,,,,,,VOLCANIC ROCK,,,,,WHOLE_ROCK [866] ,198659.87500000003,11207.658,,55941.830700000006,,26297.44,64671.36,,82119.03,95400.928,1239.1328,,7056.275,18694.7964,2924.0207,,12900.,,,1700.0000000000002,,,,,,,,,,,,,,,,,,,,,,,,,,,,,,,,,,,,,,,,,,,,,,,,,,,,,,,,,,,,,,,,,,,,,,,,,,,,,,,,,,,,,,,,,,,,,,,,,,,,,,,,,,,,,,,,,,,,,,,,,,,,17600,
[866],OCEAN ISLAND,CANARY ISLANDS / FUERTEVENTURA / BASALT SERIES I / ATLANTIC OCEAN,POZO NEGRO,28.8,28.8,-13.73,-13.73,SUBAERIAL,320,320,s 16.827ILM [866],OCEANITE [866],,,,,,,,,VOLCANIC ROCK,,,,,WHOLE_ROCK [866] ,188142.58750000002,16601.718,,63457.1949,,50916.32,45083.4,,84763.42,71641.152,1394.0244,,8301.5,24926.3952,4276.9258,,20900.,,,1500.,,,,,,,,,,,,,,,,,,,,,,,,,,,,,,,,,,,,,,,,,,,,,,,,,,,,,,,,,,,,,,,,,,,,,,,,,,,,,,,,,,,,,,,,,,,,,,,,,,,,,,,,,,,,,,,,,,,,,,,,,,,,17606,
[866],OCEAN ISLAND,CANARY ISLANDS / LANZAROTE / BASALT SERIES II AND III / ATLANTIC OCEAN,ISLA DEL ROQUE DEL ESTE,29.29,29.29,-13.2,-13.2,SUBAERIAL,,,s 13.539ILM [866],OCEANITE [866],,,,,,,,,VOLCANIC ROCK,,,,,WHOLE_ROCK [866] ,210345.75000000003,13005.677999999998,,70813.7838,,20912.06,63039.03,,88551.33,63801.632,1084.2412000000002,,8882.605000000001,24184.5382,2574.8839,,8100.000000000001,,,,,,,,,,,,,,,,,,,,,,,,,,,,,,,,,,,,,,,,,,,,,,,,,,,,,,,,,,,,,,,,,,,,,,,,,,,,,,,,,,,,,,,,,,,,,,,,,,,,,,,,,,,,,,,,,,,,,,,,,,,,,,,17665,
[866],OCEAN ISLAND,CANARY ISLANDS / LANZAROTE / BASALT SERIES IV / ATLANTIC OCEAN,"ISLA DE MONTANA CLARA, EL VERIL",29.29,29.29,-13.45,-13.45,SUBAERIAL,,,s 13.518ILM [866],OCEANITE [866],,,,,,,,,VOLCANIC ROCK,,,,,WHOLE_ROCK [866] ,188376.305,13664.951999999997,,59381.96220000001,,34410.479999999996,45705.24,,87765.15999999999,79058.544,1161.687,,9795.769999999999,23739.424,4451.4942,,24500.,,,12100.,,,,,,,,,,,,,,,,,,,,,,,,,,,,,,,,,,,,,,,,,,,,,,,,,,,,,,,,,,,,,,,,,,,,,,,,,,,,,,,,,,,,,,,,,,,,,,,,,,,,,,,,,,,,,,,,,,,,,,,,,,,,17671,
[866],OCEAN ISLAND,CANARY ISLANDS / FUERTEVENTURA / BASALT SERIES II / ATLANTIC OCEAN,NORTHWEST OF ANTIGUA,28.42,28.42,-13.97,-13.97,SUBAERIAL,,,s 16.302ILM [866],OCEANITE [866],,,,,,,,,VOLCANIC ROCK,,,,,WHOLE_ROCK [866] ,186039.13,18999.077999999998,,61128.49050000001,,42103.88,59307.99,,85049.3,71399.936,1471.4702,,6060.095,26855.2234,6153.536099999999,,19000.,,,1100.,,,,,,,,,,,,,,,,,,,,,,,,,,,,,,,,,,,,,,,,,,,,,,,,,,,,,,,,,,,,,,,,,,,,,,,,,,,,,,,,,,,,,,,,,,,,,,,,,,,,,,,,,,,,,,,,,,,,,,,,,,,,17676,
[866],OCEAN ISLAND,CANARY ISLANDS / FUERTEVENTURA / BASALT SERIES II / ATLANTIC OCEAN,VERTEX OF EL ALTO,28.4,29,-14,-14,SUBAERIAL,,,s 16.211ILM [866],OCEANITE [866],,,,,,,,,VOLCANIC ROCK,,,,,WHOLE_ROCK [866] ,186272.84750000003,24692.808,,63245.4945,,50146.979999999996,52312.29,,84048.72,58615.488,1316.5786,,8799.59,23887.7954,4495.1363,,28700.,,,,,,,,,,,,,,,,,,,,,,,,,,,,,,,,,,,,,,,,,,,,,,,,,,,,,,,,,,,,,,,,,,,,,,,,,,,,,,,,,,,,,,,,,,,,,,,,,,,,,,,,,,,,,,,,,,,,,,,,,,,,,,,17677,
[866],OCEAN ISLAND,CANARY ISLANDS / FUERTEVENTURA / BASALT SERIES II / ATLANTIC OCEAN,NORTHWEST OF ANTIGUA,28.42,28.42,-13.97,-13.97,SUBAERIAL,,,s 16.242ILM [866],OCEANITE [866],,,,,,,,,VOLCANIC ROCK,,,,,WHOLE_ROCK [866] ,186740.28250000003,19059.012,,59752.4379,,40285.439999999995,59074.799999999996,,86049.87999999999,73209.056,1471.4702,,6060.095,25890.8093,6197.178199999999,,19700.,,,,,,,,,,,,,,,,,,,,,,,,,,,,,,,,,,,,,,,,,,,,,,,,,,,,,,,,,,,,,,,,,,,,,,,,,,,,,,,,,,,,,,,,,,,,,,,,,,,,,,,,,,,,,,,,,,,,,,,,,,,,,,,17678,
[866],OCEAN ISLAND,CANARY ISLANDS / FUERTEVENTURA / BASALT SERIES III / ATLANTIC OCEAN,BETANCURIA,28.42,28.42,-14,-14,SUBAERIAL,,,s 14.424ILM [866],OCEANITE [866],,,,,,,,,VOLCANIC ROCK,,,,,WHOLE_ROCK [866] ,179495.04,19358.681999999997,,63192.5694,,29095.04,63583.14,,103202.68,55539.984000000004,1394.0244,,5312.96,25668.2522,5760.7572,,30600.,,,15200.,,,,,,,,,,,,,,,,,,,,,,,,,,,,,,,,,,,,,,,,,,,,,,,,,,,,,,,,,,,,,,,,,,,,,,,,,,,,,,,,,,,,,,,,,,,,,,,,,,,,,,,,,,,,,,,,,,,,,,,,,,,,17685,
[866],OCEAN ISLAND,CANARY ISLANDS / FUERTEVENTURA / BASALT SERIES III / ATLANTIC OCEAN,"BARRANCO DE LAS SALINAS, MONTANA ROJA",29,29,-14,-14,SUBAERIAL,,,s 18.003ILM [866],OCEANITE [866],,,,,,,,,VOLCANIC ROCK,,,,,WHOLE_ROCK [866] ,197491.2875,14743.764,,66526.85070000001,,44202.08,44694.75,,80546.69,73691.488,1239.1328,,12120.19,21365.4816,3665.9364,,8200.,,,8000.,,,,,,,,,,,,,,,,,,,,,,,,,,,,,,,,,,,,,,,,,,,,,,,,,,,,,,,,,,,,,,,,,,,,,,,,,,,,,,,,,,,,,,,,,,,,,,,,,,,,,,,,,,,,,,,,,,,,,,,,,,,,17687,
[866],OCEAN ISLAND,CANARY ISLANDS / FUERTEVENTURA / BASALT SERIES III / ATLANTIC OCEAN,"BARRANCO DE LAS LAJAS, MONTANA ROJA",29,29,-14,-14,SUBAERIAL,,,s 16.444ILM [866],OCEANITE [866],,,,,,,,,VOLCANIC ROCK,,,,,WHOLE_ROCK [866] ,198659.87500000003,15223.235999999999,,65680.0491,,40425.32,49514.01,,78831.40999999999,74837.264,1161.687,,11124.01,22181.5243,3404.0838000000003,,15400.,,,,,,,,,,,,,,,,,,,,,,,,,,,,,,,,,,,,,,,,,,,,,,,,,,,,,,,,,,,,,,,,,,,,,,,,,,,,,,,,,,,,,,,,,,,,,,,,,,,,,,,,,,,,,,,,,,,,,,,,,,,,,,,17690,
[866],OCEAN ISLAND,CANARY ISLANDS / FUERTEVENTURA / BASALT SERIES III / ATLANTIC OCEAN,"LA OLIVA, MONTANA DE ESCANFRAGA",28.61,28.61,-13.88,-13.88,SUBAERIAL,,,s 17.352ILM [866],OCEANITE [866],,,,,,,,,VOLCANIC ROCK,,,,,WHOLE_ROCK [866] ,200763.33250000002,13964.622,,64515.6969,,31752.760000000002,57131.549999999996,,79760.52,75380.,1316.5786,,9131.650000000001,20326.8818,3316.7996000000003,,15700.,,,2000.,,,,,,,,,,,,,,,,,,,,,,,,,,,,,,,,,,,,,,,,,,,,,,,,,,,,,,,,,,,,,,,,,,,,,,,,,,,,,,,,,,,,,,,,,,,,,,,,,,,,,,,,,,,,,,,,,,,,,,,,,,,,17693,
[866],OCEAN ISLAND,CANARY ISLANDS / FUERTEVENTURA / BASALT SERIES III / ATLANTIC OCEAN,"TETIR, MONTANA DE LA CALDERA",29,29,-14,-14,SUBAERIAL,,,s 17.358ILM [866],OCEANITE [866],,,,,,,,,VOLCANIC ROCK,,,,,WHOLE_ROCK [866] ,200997.05000000002,18100.068,,68538.0045,,18254.34,69412.89,,69111.49,72002.976,1239.1328,,10791.95,19733.3962,2793.0944,,24900.000000000004,,,2200.,,,,,,,,,,,,,,,,,,,,,,,,,,,,,,,,,,,,,,,,,,,,,,,,,,,,,,,,,,,,,,,,,,,,,,,,,,,,,,,,,,,,,,,,,,,,,,,,,,,,,,,,,,,,,,,,,,,,,,,,,,,,17694,
[866],OCEAN ISLAND,CANARY ISLANDS / FUERTEVENTURA / BASALT SERIES III / ATLANTIC OCEAN,"LLANO DE CAIMA, MONTANA ROJA",29,29,-14,-14,SUBAERIAL,,,s 16.609ILM [866],OCEANITE [866],,,,,,,,,VOLCANIC ROCK,,,,,WHOLE_ROCK [866] ,201464.48500000002,13125.545999999998,,65309.5734,,20842.12,72599.81999999999,,78188.18,78334.896,1316.5786,,8633.56,22255.71,3360.4417000000003,,10500.,,,,,,,,,,,,,,,,,,,,,,,,,,,,,,,,,,,,,,,,,,,,,,,,,,,,,,,,,,,,,,,,,,,,,,,,,,,,,,,,,,,,,,,,,,,,,,,,,,,,,,,,,,,,,,,,,,,,,,,,,,,,,,,17695,
[866],OCEAN ISLAND,CANARY ISLANDS / TENERIFE / OLD BASALT SERIES / ATLANTIC OCEAN,SOUTHEAST OF LAS MESAS,28.3,28.3,-16.6,-16.6,SUBAERIAL,,,s 21.634ILM [866],OCEANITE [866],,,,,,,,,VOLCANIC ROCK,,,,,WHOLE_ROCK [866] ,193751.80750000002,22295.448,,68326.30410000001,,35249.76,64593.630000000005,,87908.1,56866.67199999999,1316.5786,,12120.19,25668.2522,5106.1257,,6000.,,,,,,,,,,,,,,,,,,,,,,,,,,,,,,,,,,,,,,,,,,,,,,,,,,,,,,,,,,,,,,,,,,,,,,,,,,,,,,,,,,,,,,,,,,,,,,,,,,,,,,,,,,,,,,,,,,,,,,,,,,,,,,,17737,
[866],OCEAN ISLAND,CANARY ISLANDS / TENERIFE / OLD BASALT SERIES / ATLANTIC OCEAN,"PUNTA DE TENO, SOUTHWEST OF ERMITA DEL DRAGUILLO",28.3,28.3,-16.6,-16.6,SUBAERIAL,,,s 26.578ILM [866],OCEANITE [866],,,,,,,,,VOLCANIC ROCK,,,,,WHOLE_ROCK [866] ,204736.53,20257.692,,70337.4579,,35529.520000000004,59230.26,,72827.93,53610.256,1626.3618,,14029.535,29229.1658,4015.0732000000003,,5200.,,,,,,,,,,,,,,,,,,,,,,,,,,,,,,,,,,,,,,,,,,,,,,,,,,,,,,,,,,,,,,,,,,,,,,,,,,,,,,,,,,,,,,,,,,,,,,,,,,,,,,,,,,,,,,,,,,,,,,,,,,,,,,,17742,
[866],OCEAN ISLAND,CANARY ISLANDS / GRAN CANARIA / BASALT SERIES III / ATLANTIC OCEAN,"ARUCAS, NORTH OF PICO DE GALDAR",28,28,-15.6,-15.6,SUBAERIAL,,,s 26.810ILM [866],OCEANITE [866],,,,,,,,,VOLCANIC ROCK,,,,,WHOLE_ROCK [866] ,174820.69,25831.553999999996,,53507.2761,,33291.439999999995,67702.83,,95198.04000000001,78395.2,1471.4702,,7139.29,22923.381299999997,5324.3362,,28300.,,,,,,,,,,,,,,,,,,,,,,,,,,,,,,,,,,,,,,,,,,,,,,,,,,,,,,,,,,,,,,,,,,,,,,,,,,,,,,,,,,,,,,,,,,,,,,,,,,,,,,,,,,,,,,,,,,,,,,,,,,,,,,,17783,
[866],OCEAN ISLAND,CANARY ISLANDS / GRAN CANARIA / BASALT SERIES III / ATLANTIC OCEAN,JUNTO AL LOMO DE ENMEDIO,28,28,-15.6,-15.6,SUBAERIAL,,,s 27.695ILM [866],OCEANITE [866],,,,,,,,,VOLCANIC ROCK,,,,,WHOLE_ROCK [866] ,192115.78500000003,23014.656,,65785.8993,,14547.52,86902.14,,85906.94,64706.191999999995,1548.9160000000002,,14112.55,23739.424,4058.7153000000003,,5300.,,,,,,,,,,,,,,,,,,,,,,,,,,,,,,,,,,,,,,,,,,,,,,,,,,,,,,,,,,,,,,,,,,,,,,,,,,,,,,,,,,,,,,,,,,,,,,,,,,,,,,,,,,,,,,,,,,,,,,,,,,,,,,,17784,
[866],OCEAN ISLAND,CANARY ISLANDS / GRAN CANARIA / BASALT SERIES IV / ATLANTIC OCEAN,"TELDE, NEAR BARRANCO DE LA PALMA",28,28,-15.6,-15.6,SUBAERIAL,,,s 28.312ILM [866],OCEANITE [866],,,,,,,,,VOLCANIC ROCK,,,,,WHOLE_ROCK [866] ,195855.265,20437.494,,56471.0817,,22240.920000000002,73610.31000000001,,95198.04000000001,71098.416,1239.1328,,14278.58,22700.8242,4276.9258,,3800.,,,,,,,,,,,,,,,,,,,,,,,,,,,,,,,,,,,,,,,,,,,,,,,,,,,,,,,,,,,,,,,,,,,,,,,,,,,,,,,,,,,,,,,,,,,,,,,,,,,,,,,,,,,,,,,,,,,,,,,,,,,,,,,17794,
[866],OCEAN ISLAND,CANARY ISLANDS / TENERIFE / ANTIGUA FORMATION / ATLANTIC OCEAN,"LOS CARRIZALES, PLAYA DE JUAN LOPEZ",28.3,28.3,-16.6,-16.6,SUBAERIAL,,,s 21.516ILM [866],OCEANITE [866],,,,,,,,,VOLCANIC ROCK,,,,,WHOLE_ROCK [866] ,208943.44500000004,10368.581999999999,,43133.9565,,22730.5,62417.189999999995,,98342.72,105049.568,1239.1328,,4980.9,9569.9553,1134.6946,,7200.,,,,,,,,,,,,,,,,,,,,,,,,,,,,,,,,,,,,,,,,,,,,,,,,,,,,,,,,,,,,,,,,,,,,,,,,,,,,,,,,,,,,,,,,,,,,,,,,,,,,,,,,,,,,,,,,,,,,,,,,,,,,,,,17824,
[865],OCEAN ISLAND,CANARY ISLANDS / FUERTEVENTURA / ATLANTIC OCEAN,"MONTANA DE GRAN TARAJAL, DIKES",28.21,28.21,-14.02,-14.02,SUBAERIAL,,,s 17.191ILM [865],OCEANITE [865],,,,,,,,,VOLCANIC ROCK,,,FRESH,,WHOLE_ROCK [865] ,190713.48,21036.834,,52660.4745,,27276.6,76097.67,,72399.11,97632.176,1239.1328,,6143.11,19288.282,3142.2311999999997,16200.000000000002,,,,,,,,,,,,,,,,,,,,,,,,,,,,,,,,,,,,,,,,,,,,,,,,,,,,,,,,,,,,,,,,,,,,,,,,,,,,,,,,,,,,,,,,,,,,,,,,,,,,,,,,,,,,,,,,,,,,,,,,,,,,,,,,17896,
[907],OCEAN ISLAND,CANARY ISLANDS / LANZAROTE / TAO / ATLANTIC OCEAN,,29.02,29.02,-13.72,-13.72,SUBAERIAL,,,s 8 [907],OCEANITE [907],,,,,,,1824,,VOLCANIC ROCK,,,,,WHOLE_ROCK [907] ,,,,,,,,,,,,,,,,,,,,,,,,,,,,,,,,,,,,,,,,,,,,,,,,,,,,,,,,,,,,,,634,,,,413,,84,,,,,,27,738,29,200,,,,,,,,,,,,,,523,59,,,,,,,,,,,,,,,,,,,,,,,,,,,,,,,,,,,,,,,,,,,,,,,,,,,,18355,
[1389],OCEAN ISLAND,MASCARENE ISLANDS INCL. REUNION / MAURITIUS / SHIELD STAGE / OLDER SERIES / INDIAN OCEAN,,-20.33,-20.33,57.5,57.5,SUBAERIAL,,,s A118 [1389],OCEANITE [1389],,,,,,,,,VOLCANIC ROCK,,,,,WHOLE_ROCK [1389] ,211467.594,14324.226,,52025.3733,,28255.760000000002,67158.72,,72613.52,97029.136,1394.0244,,6724.215,10831.1122,1352.9051,13300.,,,,,,,,,,,,,,,,,,,,,,,,,,,,,,,,,,,,,,,,,,,,,,,,,,,,,,,,,,,,,,,,,,,,,,,,,,,,,,,,,,,,,,,,,,,,,,,,,,,,,,,,,,,,,,,,,,,,,,,,,,,,,,,,19179,
[1393],OCEAN ISLAND,MASCARENE ISLANDS INCL. REUNION / REUNION / PITON DES NEIGES / SHIELD STAGE / INDIAN OCEAN,"ROAD BRIDGE OVER BRAS DE BENJOIN, CIRQUE DE CILAOS",-21.21,-21.21,55.46,55.46,SUBAERIAL,,,s RE595 [1393],OCEANITE [1393],,,,,,,,,VOLCANIC ROCK,,,,,WHOLE_ROCK [1393] ,208008.575,10788.119999999999,,49273.2681,,16086.199999999999,78274.11,,52316.04,121814.07999999999,1394.0244,,4980.9,15653.182699999998,872.8420000000001,,18400.,,,,,,,,,,,,,,,,,,,,,,,,,,,,,,,,,,,,,,,,,,,,210,740,,,,835,95,100,,,,,,15,215,22,125,,,,,,,,,,,,,,180,,,,,,,,,,,,,,,,,,,,,,,,,,,,,,,,,,,,,,,,,,,,,,,,,,,,,19192,
[1393],OCEAN ISLAND,MASCARENE ISLANDS INCL. REUNION / REUNION / PITON DES NEIGES / SHIELD STAGE / OCEANITE SERIES / INDIAN OCEAN,"CENTER OF DIKE, BRAS DE CILAOS, PETIT SERRE",-21,-21,55.85,55.85,SUBAERIAL,,,s RE604 [1393],OCEANITE [1393],,,,,,,,,VOLCANIC ROCK,,,,,WHOLE_ROCK [1393] ,215721.2525,10608.318,,55253.8044,,8672.56,79906.43999999999,,59463.04,112466.95999999999,1394.0244,,4150.75,13427.6117,785.5577999999999,,2400.,,,,,,,,,,,,,,,,,,,,,,,,,,,,,,,,,,,,,,,,,,,,215,790,,,,800,105,95,,,,,,7,240,20,110,,,,,,,,,,,,,,160,,,,,,,,,,,,,,,,,,,,,,,,,,,,,,,,,,,,,,,,,,,,,,,,,,,,,19193,
[1393],OCEAN ISLAND,MASCARENE ISLANDS INCL. REUNION / REUNION / PITON DES NEIGES / SHIELD STAGE / OCEANITE SERIES / INDIAN OCEAN,"LE PAVILLON, CIRQUE DE CILAOS",-21.21,-21.21,55.46,55.46,SUBAERIAL,,,s RE600 [1393],OCEANITE [1393],,,,,,,,,VOLCANIC ROCK,,,,,WHOLE_ROCK [1393] ,213010.1295,10608.318,,56206.4562,,13428.48,78662.76,,57962.17,109512.064,1316.5786,,2490.45,13427.6117,785.5577999999999,,15100.,,,,,,,,,,,,,,,,,,,,,,,,,,,,,,,,,,,,,,,,,,,,235,745,,,,700,95,110,,,,,,,245,25,115,,,,,,,,,,,,,,170,,,,,,,,,,,,,,,,,,,,,,,,,,,,,,,,,,,,,,,,,,,,,,,,,,,,,19194,
[1393],OCEAN ISLAND,MASCARENE ISLANDS INCL. REUNION / REUNION / PITON DES NEIGES / SHIELD STAGE / OCEANITE SERIES / INDIAN OCEAN,"CENTER OF DIKE, BRAS DE CILAOS, PETIT SERRE",-21,-21,55.85,55.85,SUBAERIAL,,,s RE75 [1393],OCEANITE [1393],,,,,,,,,VOLCANIC ROCK,,,,,WHOLE_ROCK [1393] ,220255.372,12106.668,,63563.0451,,11540.099999999999,77185.89,,65823.87000000001,83701.952,1394.0244,,4897.884999999999,15949.9255,916.4841,,6400.,,,,,,,,,,,,,,,,,,,,,,,,,,,,,,,,,,,,,,,,,,,,225,600,,,,660,220,100,,,,,,10,90,32,145,,,,,,,,,,,,,,260,,,,,,,,,,,,,,,,,,,,,,,,,,,,,,,,,,,,,,,,,,,,,,,,,,,,,19195,
[1393],OCEAN ISLAND,MASCARENE ISLANDS INCL. REUNION / REUNION / PITON DES NEIGES / OCEANITE SERIES / INDIAN OCEAN,"GRAND BASSIN, BOIS COURT PATH ABOVE",-21.18,-21.18,55.54,55.54,SUBAERIAL,,,s RE134 [1393],OCEANITE [1393],,,,,,,,,VOLCANIC ROCK,,,,,WHOLE_ROCK [1393] ,218666.09300000002,14563.962,,75682.89300000001,,27766.18,66770.06999999999,,67396.20999999999,58555.184,1548.9160000000002,,4565.825000000001,18472.2393,1527.4734999999998,,9500.,,,1500.,,,,,,,,,,,,,,,,,,,,,,,,,,,,,,,,,,,,,,,,,250,340,,,,740,90,95,,,,,,,340,35,170,,,,,,,,,,,,,,250,,,,,,,,,,,,,,,,,,,,,,,,,,,,,,,,,,,,,,,,,,,,,,,,,,,,,19196,
[1393],OCEAN ISLAND,MASCARENE ISLANDS INCL. REUNION / REUNION / PITON DES NEIGES / SHIELD STAGE / INDIAN OCEAN,"LA GRANDE MONTAGNE, BELOW TOP REMPART OF RIVIERE DE ST. DENIS",-20.92,-20.92,55.42,55.42,SUBAERIAL,,,s RE463 [1393],OCEANITE [1393],,,,,,,,,VOLCANIC ROCK,,,,,WHOLE_ROCK [1393] ,225303.67000000004,16841.453999999998,,75365.34240000001,,17205.239999999998,71900.25,,76329.95999999999,45951.648,1471.4702,,7222.305,19955.953299999997,1571.1155999999999,,4000.,,,700.0000000000001,,,,,,,,,,,,,,,,,,,,,,,,,,,,,,,,,,,,,,,,,265,350,,,,1010,130,85,,,,,,20,365,40,205,,,,,,,,,,,,,,310,,,,,,,,,,,,,,,,,,,,,,,,,,,,,,,,,,,,,,,,,,,,,,,,,,,,,19198,
[1393],OCEAN ISLAND,MASCARENE ISLANDS INCL. REUNION / REUNION / PITON DES NEIGES / OCEANITE SERIES / INDIAN OCEAN,"GRAND BASSIN, BOIS COURT PATH ABOVE",-21.18,-21.18,55.54,55.54,SUBAERIAL,,,s RE124 [1393],OCEANITE [1393],,,,,,,,,VOLCANIC ROCK,,,,,WHOLE_ROCK [1393] ,221330.47250000003,14803.698,,80816.6277,,19513.260000000002,71045.22,,86121.35,41489.151999999995,1548.9160000000002,,3486.6299999999997,18546.425,1265.6209,,5600.000000000001,,,1300.,,,,,,,,,,,,,,,,,,,,,,,,,,,,,,,,,,,,,,,,,260,210,,,,520,110,100,,,,,,,360,30,150,,,,,,,,,,,,,,305,,,,,,,,,,,,,,,,,,,,,,,,,,,,,,,,,,,,,,,,,,,,,,,,,,,,,19199,
[1393],OCEAN ISLAND,MASCARENE ISLANDS INCL. REUNION / REUNION / PITON DES NEIGES / OCEANITE SERIES / INDIAN OCEAN,"GRAND BASSIN, 6-7 M FLOW FORMING WATERFALL BELOW",-21.18,-21.18,55.54,55.54,SUBAERIAL,,,s RE178 [1393],OCEANITE [1393],,,,,,,,,VOLCANIC ROCK,,,,,WHOLE_ROCK [1393] ,219600.963,15522.905999999999,,83568.7329,,30074.199999999997,60240.75,,78116.70999999999,41067.024,1703.8076,,3237.585,16840.1539,1876.6103,,15700.,,,1900.,,,,,,,,,,,,,,,,,,,,,,,,,,,,,,,,,,,,,,,,,265,135,,,,290,100,105,,,,,,,400,35,185,,,,,,,,,,,,,,305,,,,,,,,,,,,,,,,,,,,,,,,,,,,,,,,,,,,,,,,,,,,,,,,,,,,,19200,
[1393],OCEAN ISLAND,MASCARENE ISLANDS INCL. REUNION / REUNION / PITON DES NEIGES / SHIELD STAGE / OCEANITE SERIES / INDIAN OCEAN,PITON CRETE DOS D^ANE,-21,-21,55.85,55.85,SUBAERIAL,,,s RE390 [1393],OCEANITE [1393],,,,,,,,,VOLCANIC ROCK,,,,,WHOLE_ROCK [1393] ,221190.24200000003,14923.566,,79493.5002,,25248.34,67625.09999999999,,80546.69,41911.28,1626.3618,,4150.75,18101.3108,1658.3998000000001,,8700.,,,500.,,,,,,,,,,,,,,,,,,,,,,,,,,,,,,,,,,,,,,,,,280,165,,,,620,140,90,,,,,,,340,35,175,,,,,,,,,,,,,,270,,,,,,,,,,,,,,,,,,,,,,,,,,,,,,,,,,,,,,,,,,,,,,,,,,,,,19201,
[1393],OCEAN ISLAND,MASCARENE ISLANDS INCL. REUNION / REUNION / PITON DES NEIGES / SHIELD STAGE / OCEANITE SERIES / INDIAN OCEAN,PITON CRETE DOS D^ANE,-21,-21,55.85,55.85,SUBAERIAL,,,s RE391 [1393],OCEANITE [1393],,,,,,,,,VOLCANIC ROCK,,,,,WHOLE_ROCK [1393] ,224462.28700000004,15403.037999999999,,78593.7735,,33011.68,59774.37,,76472.9,38534.255999999994,1626.3618,,5811.049999999999,17730.3823,1614.7576999999999,,13700.000000000002,,,700.0000000000001,,,,,,,,,,,,,,,,,,,,,,,,,,,,,,,,,,,,,,,,,280,115,,,,480,155,90,,,,,,10,325,40,180,,,,,,,,,,,,,,310,,,,,,,,,,,,,,,,,,,,,,,,,,,,,,,,,,,,,,,,,,,,,,,,,,,,,19202,
[1393],OCEAN ISLAND,MASCARENE ISLANDS INCL. REUNION / REUNION / PITON DES NEIGES / OCEANITE SERIES / INDIAN OCEAN,"GRAND BASSIN, BOIS COURT PATH ABOVE",-21.18,-21.18,55.54,55.54,SUBAERIAL,,,s RE127 [1393],OCEANITE [1393],,,,,,,,,VOLCANIC ROCK,,,,,WHOLE_ROCK [1393] ,225023.20900000003,16002.377999999999,,84309.68430000001,,28255.760000000002,57908.85,,79260.23,33770.24,1471.4702,,5395.975,19585.0248,1309.263,,7200.,,,2800.0000000000005,,,,,,,,,,,,,,,,,,,,,,,,,,,,,,,,,,,,,,,,,235,115,,,,520,100,95,,,,,,7,385,37,210,,,,,,,,,,,,,,290,,,,,,,,,,,,,,,,,,,,,,,,,,,,,,,,,,,,,,,,,,,,,,,,,,,,,19203,
[7514],OCEAN ISLAND,MASCARENE ISLANDS INCL. REUNION / REUNION / PITON DE LA FOURNAISE / NORTHEASTERN RIFT ZONE / INDIAN OCEAN,,-21.2007,-21.2007,55.7252,55.7252,SUBAERIAL,,,s PF77 [7514],OCEANITE [7514],,,,,,,,,VOLCANIC ROCK,,,,,WHOLE_ROCK [7514] ,,,,,,,,,,,,,,,,,,,,,,,,,,,,,,,,,,,,,,,,,,,,,,,,,,,,,,,,,,,,,,,,,,,,,,,,,,,,,,,,,,,,,,,,,,,102,,,,,,,,,,,,,,,,,,,,,,,,,,,1.67,0.415,,,,,,,,,,,,,,,,,,,,,,,,,195891,
[7514],OCEAN ISLAND,MASCARENE ISLANDS INCL. REUNION / REUNION / PITON DE LA FOURNAISE / NORTHEASTERN RIFT ZONE / INDIAN OCEAN,,-21.2007,-21.2007,55.7252,55.7252,SUBAERIAL,,,s PF77 [7514],OCEANITE [7514],,,,,,,,,VOLCANIC ROCK,,,,,WHOLE_ROCK [7514] ,,,,,,,,,,,,,,,,,,,,,,,,,,,,,,,,,,,,,,,,,,,,,,,,,,,,,,,,,,,,,,,,,,,,,,,,,,,,,,,,,,,,,,,,,,,154,,,,,,,,,,,,,,,,,,,,,,,,,,,2.63,0.653,,,,,,,,,,,,,,,,,,,,,,,,,195892,
[7514],OCEAN ISLAND,MASCARENE ISLANDS INCL. REUNION / REUNION / PITON DE LA FOURNAISE / INDIAN OCEAN,"ENCLOS, PLAINE DES OSMONDES",-21.2013,-21.2013,55.7503,55.7503,SUBAERIAL,,,s PF1961 [7514],OCEANITE [7514],,,,,,,,,VOLCANIC ROCK,,,,,WHOLE_ROCK [7514] ,,,,,,,,,,,,,,,,,,,,,,,,,,,,,,,,,,,,,,,,,,,,,,,,,,,,,,,,,,,,,,,,,,,,,,,,,,,,,,,,,,,,,,,,,,,79.8,,,,,,,,,,,,,,,,,,,,,,,,,,,1.33,0.337,,,,,,,,,,,,,,,,,,,,,,,,,195893,
[7514],OCEAN ISLAND,MASCARENE ISLANDS INCL. REUNION / REUNION / PITON DE LA FOURNAISE / INDIAN OCEAN,"ENCLOS, PLAINE DES OSMONDES",-21.2013,-21.2013,55.7503,55.7503,SUBAERIAL,,,s PF1961 [7514],OCEANITE [7514],,,,,,,,,VOLCANIC ROCK,,,,,WHOLE_ROCK [7514] ,,,,,,,,,,,,,,,,,,,,,,,,,,,,,,,,,,,,,,,,,,,,,,,,,,,,,,,,,,,,,,,,,,,,,,,,,,,,,,,,,,,,,,,,,,,135,,,,,,,,,,,,,,,,,,,,,,,,,,,2.25,0.581,,,,,,,,,,,,,,,,,,,,,,,,,195894,
[7514],OCEAN ISLAND,MASCARENE ISLANDS INCL. REUNION / REUNION / PITON DE LA FOURNAISE / INDIAN OCEAN,"ENCLOS, PLAINE DES OSMONDES",-21.2013,-21.2013,55.7503,55.7503,SUBAERIAL,,,s PF1931 [7514],OCEANITE [7514],,,,,,,,,VOLCANIC ROCK,,,,,WHOLE_ROCK [7514] ,,,,,,,,,,,,,,,,,,,,,,,,,,,,,,,,,,,,,,,,,,,,,,,,,,,,,,,,,,,,,,,,,,,,,,,,,,,,,,,,,,,,,,,,,,,144,,,,,,,,,,,,,,,,,,,,,,,,,,,2.32,0.599,,,,,,,,,,,,,,,,,,,,,,,,,195895,
[1423],OCEAN ISLAND,COMOROS / GRANDE COMORE (NJAZIDJA) / MOUNT KARTHALA / INDIAN OCEAN,,-11.35,-11.35,43.2,43.2,SUBAERIAL,,,s 17 [1423],OCEANITE [1423],,,,,,,,PHYRIC [1423] ,VOLCANIC ROCK,,,,,WHOLE_ROCK [1423] ,215253.8175,11627.195999999998,,53030.9502,,12239.5,76175.40000000001,,77544.95,94074.23999999999,1471.4702,,7388.335,17359.4538,1265.6209,7100.,,,,,,,,,,,,,,,,,,,,,,,,,,,,,,,,,,,,,,,,,,,,,,,,,,,85,95,,,,,,15,345,,138,,,,,,,,,,,,,,240,,,,,,,,,,,,,,,,,,,,,,,,,,,,,,,,,,,,,,,,,,,,,,,,,,,,,20439,
[1423],OCEAN ISLAND,COMOROS / GRANDE COMORE (NJAZIDJA) / MOUNT KARTHALA / INDIAN OCEAN,,-11.35,-11.35,43.2,43.2,SUBAERIAL,,,s 18 [1423],OCEANITE [1423],,,,,,,,PHYRIC [1423] ,VOLCANIC ROCK,,,,,WHOLE_ROCK [1423] ,209925.0585,8930.166,,41175.7278,,14127.880000000001,75864.48,,64823.29,127060.52799999999,1548.9160000000002,,3984.72,11572.9692,1003.7683000000001,4900.,,,,,,,,,,,,,,,,,,,,,,,,,,,,,,,,,,,,,,,,,,,,,,,,,,,73,104,,,,,,10,245,,110,,,,,,,,,,,,,,200,,,,,,,,,,,,,,,,,,,,,,,,,,,,,,,,,,,,,,,,,,,,,,,,,,,,,20440,
[1423],OCEAN ISLAND,COMOROS / GRANDE COMORE (NJAZIDJA) / MOUNT KARTHALA / INDIAN OCEAN,,-11.35,-11.35,43.2,43.2,SUBAERIAL,,,s 19 [1423],OCEANITE [1423],,,,,,,,PHYRIC [1423] ,VOLCANIC ROCK,,,,,WHOLE_ROCK [1423] ,214318.9475,9349.704,,43081.03140000001,,15316.859999999999,75631.29000000001,,68468.26,118557.66399999999,1471.4702,,4731.855,13056.6832,1178.3367,3100.,,,,,,,,,,,,,,,,,,,,,,,,,,,,,,,,,,,,,,,,,,,,,,,,,,,73,95,,,,,,17,275,,120,,,,,,,,,,,,,,220,,,,,,,,,,,,,,,,,,,,,,,,,,,,,,,,,,,,,,,,,,,,,,,,,,,,,20441,
[1423],OCEAN ISLAND,COMOROS / GRANDE COMORE (NJAZIDJA) / MOUNT KARTHALA / INDIAN OCEAN,,-11.35,-11.35,43.2,43.2,SUBAERIAL,,,s 195 [1423],OCEANITE [1423],,,,,,,,PHYRIC [1423] ,VOLCANIC ROCK,,,,,WHOLE_ROCK [1423] ,217590.9925,11387.46,,53348.5008,,23849.54,64671.36,,87050.45999999999,84546.208,1471.4702,,7139.29,15282.2542,1309.263,4400.,,,,,,,,,,,,,,,,,,,,,,,,,,,,,,,,,,,,,,,,,,,,,,,,,,,91,90,,,,,,20,382,,136,,,,,,,,,,,,,,278,,,,,,,,,,,,,,,,,,,,,,,,,,,,,,,,,,,,,,,,,,,,,,,,,,,,,20445,
[1416],OCEAN ISLAND,MASCARENE ISLANDS INCL. REUNION / REUNION / PITON DE LA FOURNAISE / INDIAN OCEAN,,-21.25,-21.25,55.75,55.75,SUBAERIAL,,,s 46 [1416],OCEANITE [1416],,,,,,,1977,,VOLCANIC ROCK,,,,,WHOLE_ROCK [1416] ,206466.0395,8450.694,,47897.215500000006,,,,100815.81000000001,45526.39,140327.408,1703.8076,,3320.6000000000004,10756.9265,,,,,,,,,,,,,,,,,,,,,,,,,,,,,,,,,,,,,,,,,,,,,,,,,,,,,,,,,,,,,,,,,,,,,,,,,,,,,,,,,,,,,,,,,,,,,,,,,,,,,,,,,,,,,,,,,,,,,,,,,,,,,,,,,,21055,
[1416],OCEAN ISLAND,MASCARENE ISLANDS INCL. REUNION / REUNION / PITON DE LA FOURNAISE / INDIAN OCEAN,,-21.25,-21.25,55.75,55.75,SUBAERIAL,,,s 47 [1416],OCEANITE [1416],,,,,,,1977,,VOLCANIC ROCK,,,,,WHOLE_ROCK [1416] ,204736.53,8990.099999999999,,44986.335,,,,104313.66,46455.5,147141.75999999998,1471.4702,,4150.75,8902.284,,,,,,,,,,,,,,,,,,,,,,,,,,,,,,,,,,,,,,,,,,,,,,,,,,,,,,,,,,,,,,,,,,,,,,,,,,,,,,,,,,,,,,,,,,,,,,,,,,,,,,,,,,,,,,,,,,,,,,,,,,,,,,,,,,21056,
[1416],OCEAN ISLAND,MASCARENE ISLANDS INCL. REUNION / REUNION / PITON DE LA FOURNAISE / INDIAN OCEAN,,-21.25,-21.25,55.75,55.75,SUBAERIAL,,,s 48 [1416],OCEANITE [1416],,,,,,,1977,,VOLCANIC ROCK,,,,,WHOLE_ROCK [1416] ,209410.88,11866.931999999999,,48532.3167,,,,98172.99,55889.54,122959.856,542.1206000000001,,4648.84,13501.7974,,,,,,,,,,,,,,,,,,,,,,,,,,,,,,,,,,,,,,,,,,,,,,,,,,,,,,,,,,,,,,,,,,,,,,,,,,,,,,,,,,,,,,,,,,,,,,,,,,,,,,,,,,,,,,,,,,,,,,,,,,,,,,,,,,21057,
[1416],OCEAN ISLAND,MASCARENE ISLANDS INCL. REUNION / REUNION / PITON DE LA FOURNAISE / INDIAN OCEAN,,-21.25,-21.25,55.75,55.75,SUBAERIAL,,,s 49 [1416],OCEANITE [1416],,,,,,,1977,,VOLCANIC ROCK,,,,,WHOLE_ROCK [1416] ,202866.79,9409.637999999999,,42022.52940000001,,,,102214.95,49528.71,140086.19199999998,464.6748,,4150.75,11943.8977,,,,,,,,,,,,,,,,,,,,,,,,,,,,,,,,,,,,,,,,,,,,,,,,,,,,,,,,,,,,,,,,,,,,,,,,,,,,,,,,,,,,,,,,,,,,,,,,,,,,,,,,,,,,,,,,,,,,,,,,,,,,,,,,,,21058,
[1416],OCEAN ISLAND,MASCARENE ISLANDS INCL. REUNION / REUNION / PITON DE LA FOURNAISE / INDIAN OCEAN,,-21.25,-21.25,55.75,55.75,SUBAERIAL,,,s 50 [1416],OCEANITE [1416],,,,,,,1977,,VOLCANIC ROCK,,,,,WHOLE_ROCK [1416] ,202866.79,10188.779999999999,,49220.34300000001,,,,100815.81000000001,50743.7,133874.87999999998,1548.9160000000002,,4150.75,12611.569,,,,,,,,,,,,,,,,,,,,,,,,,,,,,,,,,,,,,,,,,,,,,,,,,,,,,,,,,,,,,,,,,,,,,,,,,,,,,,,,,,,,,,,,,,,,,,,,,,,,,,,,,,,,,,,,,,,,,,,,,,,,,,,,,,21059,
[1416],OCEAN ISLAND,MASCARENE ISLANDS INCL. REUNION / REUNION / PITON DE LA FOURNAISE / INDIAN OCEAN,,-21.25,-21.25,55.75,55.75,SUBAERIAL,,,s 51 [1416],OCEANITE [1416],,,,,,,1977,,VOLCANIC ROCK,,,,,WHOLE_ROCK [1416] ,199127.31000000003,9889.109999999999,,44986.335,,,,102914.52,47170.2,149553.91999999998,1548.9160000000002,,3735.675,11127.855,,,,,,,,,,,,,,,,,,,,,,,,,,,,,,,,,,,,,,,,,,,,,,,,,,,,,,,,,,,,,,,,,,,,,,,,,,,,,,,,,,,,,,,,,,,,,,,,,,,,,,,,,,,,,,,,,,,,,,,,,,,,,,,,,,21060,
[1416],OCEAN ISLAND,MASCARENE ISLANDS INCL. REUNION / REUNION / PITON DE LA FOURNAISE / INDIAN OCEAN,,-21.25,-21.25,55.75,55.75,SUBAERIAL,,,s 52 [1416],OCEANITE [1416],,,,,,,1977,,VOLCANIC ROCK,,,,,WHOLE_ROCK [1416] ,206606.27000000002,12106.668,,58217.61,,,,95918.81999999999,62893.600000000006,113974.55999999998,1471.4702,,4565.825000000001,14466.2115,,,,,,,,,,,,,,,,,,,,,,,,,,,,,,,,,,,,,,,,,,,,,,,,,,,,,,,,,,,,,,,,,,,,,,,,,,,,,,,,,,,,,,,,,,,,,,,,,,,,,,,,,,,,,,,,,,,,,,,,,,,,,,,,,,21061,
[1416],OCEAN ISLAND,MASCARENE ISLANDS INCL. REUNION / REUNION / PITON DE LA FOURNAISE / INDIAN OCEAN,,-21.25,-21.25,55.75,55.75,SUBAERIAL,,,s 65 [1416],OCEANITE [1416],,,,,,,1977,,VOLCANIC ROCK,,,,,WHOLE_ROCK [1416] ,206606.27000000002,12106.668,,58217.61,,,,95918.81999999999,62893.600000000006,113974.55999999998,1471.4702,,4565.825000000001,14466.2115,,,,,,,,,,,,,,,,,,,,,,,,,,,,,,,,,,,,,,,,,,,,,,,,,,,,,,,,,,,,,,,,,,,,,,,,,,,,,,,,,,,,,,,,,,,,,,,,,,,,,,,,,,,,,,,,,,,,,,,,,,,,,,,,,,21074,
[566],OCEAN ISLAND,SOCIETY ISLANDS / MEHETIA / PACIFIC OCEAN,,-17.8,-17.8,-148.1,-148.1,SUBAERIAL,,,s ME90-02 [566],OCEANITE [566],,,,,,,,,VOLCANIC ROCK,,,,,WHOLE_ROCK [566] ,200997.05000000002,16601.718,,44192.4585,,,,104002.74,64323,114879.12,1316.5786,,8218.485,15133.8828,1527.4734999999998,,,,,,,,,,,,,,,,-2500.,,,,,,,,,,,,,,,,,,,,,,,,,,,,24,,250,1200,,,91,640,,,,,,,,28,445,23,188,26,,,,,,,,,,,,,315,30,,,35,,2.3,,,5,,1.9,,1.4,,,,,,,,,,,,,,,,,,,,,,,,,,,,,,,,,,,,,,,,21830,
[566],OCEAN ISLAND,SOCIETY ISLANDS / MEHETIA / PACIFIC OCEAN,,-17.8,-17.8,-148.1,-148.1,SUBAERIAL,,,s ME90-30 [566],OCEANITE [566],,,,,,,,,VOLCANIC ROCK,,,,,WHOLE_ROCK [566] ,200062.18,19898.087999999996,,54248.2275,,,,100193.97,72542.05,88586.57599999999,1316.5786,,8716.575,20252.696099999997,2269.3892,,,,,,,,,,,,,,,,-6400.,,,,,,,,,,,,,,,,,,,,,,,,,,,,23,,290,760,,,75,470,,,,,,,,8,630,27,238,35,,,,,,,,,,,,,332,35,,,46,,2.8,,,5.6,,2.1,,1.6,,,,,,,,,,,,,,,,,,,,,,,,,,,,,,,,,,,,,,,,21831,
[566],OCEAN ISLAND,SOCIETY ISLANDS / MEHETIA / PACIFIC OCEAN,,-17.8,-17.8,-148.1,-148.1,SUBAERIAL,,,s ME90-43 [566],OCEANITE [566],,,,,,,,,VOLCANIC ROCK,,,,,WHOLE_ROCK [566] ,208476.01,17320.926,,51813.6729,,,,95685.63,68897.08,88646.87999999999,1239.1328,,10459.89,15059.697099999998,1745.6840000000002,,,,,,,,,,,,,,,,5000.,,,,,,,,,,,,,,,,,,,,,,,,,,,,24,,270,700,,,70,480,,,,,,,,22,552,27,248,30,,,,,,,,,,,,,356,36,,,43,,2.8,,,5.8,,2.5,,1.6,,,,,,,,,,,,,,,,,,,,,,,,,,,,,,,,,,,,,,,,21832,
[864],OCEAN ISLAND,CANARY ISLANDS / LANZAROTE / FAMARA / SERIES I / ATLANTIC OCEAN,PUNTA DEL GALLO,29.2,29.2,-13.5,-13.5,SUBAERIAL,,,s 13.410ILMA [864],OCEANITE [864],,,,,,,,,VOLCANIC ROCK,,,,,WHOLE_ROCK [864] ,188142.58750000002,18040.134,,63986.4459,,37347.96,49436.280000000006,,83619.9,74957.87199999999,1316.5786,,8965.62,16469.2254,3360.4417000000003,44900.,,,,,,,,,,,,,,,,,,,,,,,,,,,,,,,,,,,,,,,,,,,,,,,,,,,,,,,,,,,,,,,,,,,,,,,,,,,,,,,,,,,,,,,,,,,,,,,,,,,,,,,,,,,,,,,,,,,,,,,,,,,,,,,,22040,
[864],OCEAN ISLAND,CANARY ISLANDS / LANZAROTE / FAMARA / SERIES I / ATLANTIC OCEAN,"RISCO DE FAMARA, SOUTHWEST OF MONTANA GANADA",29.2,29.2,-13.5,-13.5,SUBAERIAL,,,s 12.781/13.086ILMD [864],OCEANITE [864],,,,,,,,,VOLCANIC ROCK,,,,,WHOLE_ROCK [864] ,202866.79,15103.367999999999,,70549.15830000001,,57770.439999999995,24407.22,,80046.4,62957.376,1316.5786,,9297.68,20104.324699999997,3447.7259000000004,30800.,,,,,,,,,,,,,,,,,,,,,,,,,,,,,,,,,,,,,,,,,,,,,,,,,,,,,,,,,,,,,,,,,,,,,,,,,,,,,,,,,,,,,,,,,,,,,,,,,,,,,,,,,,,,,,,,,,,,,,,,,,,,,,,,22047,
[1493][1393][489][498],OCEAN ISLAND,MASCARENE ISLANDS INCL. REUNION / REUNION / PITON DE LA FOURNAISE / SHIELD STAGE / OCEANITE SERIES / INDIAN OCEAN,"GRAND BRULE, LA VIERGE AU PARAPLUIE, ROUTE NATIONALE N2",-21.25,-21.25,55.75,55.75,SUBAERIAL,,,s RE114 [1493],"BASALT, ALKALINE [1493] / OCEANITE [1393]",,,,,,,,,VOLCANIC ROCK,,,,"HE3_HE4 from OLIVINE [498], HE3_HE4(R/R(A)) from OLIVINE [498]",WHOLE_ROCK [1493] / MINERAL / COMPONENT (INCL. GROUNDMASS) [498] ,200856.8195,6772.541999999999,,33395.7381,,27696.239999999998,73143.93000000001,107422.86,37450.28,165775.69599999997,1548.9160000000002,,2407.435,8828.0983,610.9894,,1800.,,,,,,,,,,,,,,-6000.,,,,,,,,,,,,,,,,,,,,,,,,,,,,,,190,2342,,,,1005,63,100,,,,,,7,185,22,95,,,0.00049,,0.000943,,,,,,,,,230,,,,,,,,,,,,,,,,,,,,0.000349,0.00106,,,,,,,,,,,0.7038,,,,,,,,,,,,,,,0.0000205,14.9,,,,,2344-RE114,
[1393],OCEAN ISLAND,MASCARENE ISLANDS INCL. REUNION / REUNION / PITON DES NEIGES / OCEANITE SERIES / INDIAN OCEAN,"GRAND BASSIN, 6-7 M FLOW FORMING WATERFALL BELOW",-21.18,-21.18,55.54,55.54,SUBAERIAL,,,s RE171 [1393],OCEANITE [1393],,,,,,,,,VOLCANIC ROCK,,,,,WHOLE_ROCK [1393] ,221470.70300000004,15043.433999999997,,78752.5488,,30353.96,60629.4,,72327.64,53067.520000000004,1548.9160000000002,,6558.185,22107.3386,1789.3261,,2000.,,,1200.,,,,,,,,,,,,,,,,,,,,,,,,,,,,,,,,,,,,,,,,,230,155,,,,140,130,80,,,,,,15,390,35,190,,,,,,,,,,,,,,345,,,,,,,,,,,,,,,,,,,,,,,,,,,,,,,,,,,,,,,,,,,,,,,,,,,,,2352-RE171,
[1393][1262],OCEAN ISLAND,MASCARENE ISLANDS INCL. REUNION / REUNION / PITON DES NEIGES / SHIELD STAGE / OCEANITE SERIES / INDIAN OCEAN,"MOUTH OF RIVIERE DES GALETS, HIGHEST FLOW, 6 KM FROM MOUTH",-21.23,-21.23,55.4,55.4,SUBAERIAL,,,s RE331 [1393],OCEANITE [1393],,,,,,,,,VOLCANIC ROCK,,,,,WHOLE_ROCK [1393] ,203661.42950000003,7671.552,,42869.331,,20002.84,74465.34,,40594.96,162036.848,1781.2534,,2573.465,8605.5412,1178.3367,,2400.,,,400.,,,,,,,,,,,,,,,,,,,,,,,,,,,,,,,,,,,,,,,,,195,1400,,,,1200,120,80,,,,,,10,295,30,155,,,,,,,,,,,,,,205,,,,,,,,,,,,,,,,,,,,,,,,,,,,0.3,,,,,,,,,,,,,,,,,,,,,,,,,2357-RE331,
[1279][1307],OCEAN ISLAND,COMOROS / ANJOUAN (NZWANI) / SHIELD STAGE / INDIAN OCEAN,"STREAM SECTION AT VASSI, SOUTH OF SIMA PENINSULA",-12.15,-12.15,44.3,44.3,SUBAERIAL,,,s AJ-27 [1279],OCEANITE [1279],,,,,,,,,VOLCANIC ROCK,,,,,WHOLE_ROCK [1279] ,217777.96650000004,15043.433999999997,,55677.2052,,30493.840000000004,64049.520000000004,64049.520000000004,74257.33,80867.66399999999,1394.0244,,5977.08,13130.8689,1571.1155999999999,,3200.,,,,,,,,,,,,,,,,,,,,,,,,,,,,,,,,,,,,,,,,,,,,,543,,,,433,,88,,,,,,12,325,29,152,,,,,,,,,,,,,,255,,,,,,,,,,,,,,,,,,,,,,,,,,,,,,,,,,,,,,,,,,,,,,,,,,,,,2373-AJ-27,
[1338],OCEAN ISLAND,MASCARENE ISLANDS INCL. REUNION / MAURITIUS / SHIELD STAGE / OLDER SERIES / INDIAN OCEAN,,-20.33,-20.33,57.5,57.5,SUBAERIAL,,,s A24 [1338],OCEANITE [1338],,,,,,,,,VOLCANIC ROCK,,,,,WHOLE_ROCK [1338] ,206232.32200000001,13005.677999999998,,50913.9462,,18953.739999999998,76175.40000000001,,74257.33,99501.59999999999,1316.5786,,6807.23,14688.7686,1221.9788,14500.,,,,,,,,,,,,,,,,,,,,,,,,,,,,,,,,,,,,,,,,,,,,,252,835,,,,620,,,,,,,,32,355,33,160,,,,,,,,,,,,,,267,,,,,,,,,,,,,,,,,,,,,,,,,,,,,,,,,,,,,,,,,,,,,,,,,,,,,24742,
[760],OCEAN ISLAND,PITCAIRN-GAMBIER CHAIN / MURUROA ATOLL / PACIFIC OCEAN,DAHLIA DRILL HOLE,-21.88,-21.88,-138.75,-138.75,SUBAERIAL,,,s DA440.6 [760],OCEANITE [760],,,,,,,,,VOLCANIC ROCK,440.6,440.6,,,WHOLE_ROCK [760] ,201744.946,23194.458,,67585.3527,,,,97784.34,69540.31,63500.111999999994,1394.0244,,9297.68,15949.9255,2269.3892,,,,,,,,,,,,,,,,19000.,,,,,,,,,,,,,,,,,,,,,,,,,,,,,,306,425,,,112,278,29,,,,,,,22,590,,,,,,,,,,,,,,,,246,,,,,,,,,,,,,,,,,,,,,,,,,,,,,,,,,,,,,,,,,,,,,,,,,,,,,25631,
[970],OCEAN ISLAND,CROZET ISLANDS / ILE DE L^EST / INDIAN OCEAN,EAST OF BAIE DU NAUFRAGE,-46.5,-46.5,52.15,52.15,SUBAERIAL,,,s CE0411 [970],OCEANITE [970],,,,,,,,,VOLCANIC ROCK,,,,,WHOLE_ROCK [970] ,211888.2855,11171.6976,,46891.6386,,,,83171.09999999999,75829.67,112708.176,1223.64364,,5728.035,12240.6405,1134.6946,,,,,,,,,,,,,,,,,,,,,,,,,,,,,,,,,,,,,,,,,,,,,,,1028.4,,,,504.3,61.4,,,,,,,15.6,302.1,,,,,,,,,,,,,,,,161.4,,,,,,,,,,,,,,,,,,,,,,,,,3,,0.5,,,,,,,,,,,,,,,,,,,,,,,,,,28972,
[318][211][313][341][2792][17],OCEAN ISLAND,HAWAIIAN ISLANDS / MAUI / HALEAKALA / SHIELD STAGE / HONOMANU SERIES / PACIFIC OCEAN,HONOMANU GULCH,20.72,20.72,-156.17,-156.17,SUBAERIAL,,,s C-123 [318],PICRITE [318] / OCEANITE [211] / THOLEIITE [313],,,,,,,,MASSIVE [211] ,VOLCANIC ROCK,,,,HE3_HE4(R/R(A)) from OLIVINE [17],WHOLE_ROCK [318] / MINERAL / COMPONENT (INCL. GROUNDMASS) [17] ,213477.56450000004,12945.744,,59964.138300000006,,19233.5,75942.20999999999,95763.36,54817.49,103843.48799999998,1316.5786,,1162.21,13130.8689,1003.7683000000001,7700.,7700.,6700.,,2300.,,,60.,,,,,,,,,,,,,,,,,,,,,,,,,,,,,,,1003,,,1245,,22.7,,205,582,,,77.4,542,,122,,,,,,0.55,308,,148,11.9,,,,,,,,,,,,,90,10.3,26.5,,17.8,4.89,1.86,,0.87,,0.96,,,1.79,0.24,3.68,0.77,,,,,,,,,,,1,,0.51292,,,0.70382,,,,,,,,,,,,,,,,16.8,,,,,302-C-123,
[866][897],OCEAN ISLAND,CANARY ISLANDS / FUERTEVENTURA / BASALT SERIES I / ATLANTIC OCEAN,"MONTANA DE GRAN TARAJAL, MOUTH OF BARRANCO DEL ROQUE",28.06,28.06,-13.97,-13.97,SUBAERIAL,,,s 16.561ILM [866],OCEANITE [866],,,,,,,,,VOLCANIC ROCK,,,,,WHOLE_ROCK [866] ,198659.87500000003,20976.899999999998,,63774.745500000005,,38397.060000000005,66536.88,,65895.34000000001,73329.66399999999,1239.1328,,8633.56,14985.5114,2313.0313,,22799.999999999996,,,,,,,,,,,,,,,,,,,,,,,,,,,,,,,,,,,,,,,,,,,,381,413,,,51,284,96,,,,,,,20,567,32,220,,,,,,,,,,,,,,372,47,57,,,,,,,,,,,,,,,,,,,,,,,8,,5,,,,,,,,,,,,,,,,,,,,,,,,,,3059-16.561 ILM,
[866][897],OCEAN ISLAND,CANARY ISLANDS / LANZAROTE / BASALT SERIES I / ATLANTIC OCEAN,UPPER PART OF BARRANCO DEL CUCHILLO,29,29,-13.6,-13.6,SUBAERIAL,,,s 13.358ILM [866],OCEANITE [866],,,,,,,,,VOLCANIC ROCK,,,,,WHOLE_ROCK [866] ,193518.09,16242.114,,68749.7049,,27276.6,58763.88,,92553.65,75560.912,1239.1328,,10957.980000000001,21810.5958,3927.789,,12100.,,,,,,,,,,,,,,,,,,,,,,,,,,,,,,,,,,,,,,,,,,,,258,455,,,40,267,66,,,,,,,27,865,31,652,,,,,,,,,,,,,,514,56,153,,,,,,,,,,,,,,,,,,,,,,,3,,2,,,,,,,,,,,,,,,,,,,,,,,,,,3066-13.358 ILM,
[866][897],OCEAN ISLAND,CANARY ISLANDS / LANZAROTE / BASALT SERIES I / ATLANTIC OCEAN,RIM OF VALLE DE JUANA GUTIERREZ,29,29,-13.6,-13.6,SUBAERIAL,,,s 13.250ILM [866],OCEANITE [866],,,,,,,,,VOLCANIC ROCK,,,,,WHOLE_ROCK [866] ,195715.0345,12945.744,,57317.8833,,14757.339999999998,74387.61,,75543.79000000001,109150.24,1316.5786,,3735.675,13353.426,3273.1575000000003,,18000.,,,,,,,,,,,,,,,,,,,,,,,,,,,,,,,,,,,,,,,,,,,,282,813,,,54,542,71,,,,,,,10,676,30,220,,,,,,,,,,,,,,448,54,84,,,,,,,,,,,,,,,,,,,,,,,7,,6,,,,,,,,,,,,,,,,,,,,,,,,,,3067-13.250 ILM,
[866][897],OCEAN ISLAND,CANARY ISLANDS / LANZAROTE / BASALT SERIES I / ATLANTIC OCEAN,"ROAD BETWEEN TEGUISE AND HARIA, SOUTHEAST OF MONTANA GANADAS",28.55,28.55,-13.43,-13.43,SUBAERIAL,,,s 13.354ILM [866],OCEANITE [866],,,,,,,,,VOLCANIC ROCK,,,,,WHOLE_ROCK [866] ,182299.65000000002,13904.687999999998,,67426.57740000001,,23919.48,58608.42,,100200.94,86295.024,1471.4702,,5063.915,14095.283,5062.4836,,29800.,,,,,,,,,,,,,,,,,,,,,,,,,,,,,,,,,,,,,,,,,,,,270,443,,,41,244,58,,,,,,,22,1176,40,322,,,,,,,,,,,,,,530,88,116,,,,,,,,,,,,,,,,,,,,,,,6,,2,,,,,,,,,,,,,,,,,,,,,,,,,,3068-13.354 ILM,
[866][897],OCEAN ISLAND,CANARY ISLANDS / LANZAROTE / BASALT SERIES I / ATLANTIC OCEAN,"MONTANA LOS LLANOS, NORTHEAST OF MAGUEZ",29.17,29.17,-13.36,-13.36,SUBAERIAL,,,s 13.362ILM [866],OCEANITE [866],,,,,,,,,VOLCANIC ROCK,,,,,WHOLE_ROCK [866] ,188142.58750000002,13904.687999999998,,61075.5654,,25388.219999999998,65526.39,,84120.19,95400.928,1239.1328,,4565.825000000001,18843.1678,3665.9364,,19500.,,,,,,,,,,,,,,,,,,,,,,,,,,,,,,,,,,,,,,,,,,,,209,579,,,54,382,63,,,,,,,11,814,30,262,,,,,,,,,,,,,,479,73,103,,,,,,,,,,,,,,,,,,,,,,,3,,11,,,,,,,,,,,,,,,,,,,,,,,,,,3069-13.362 ILM,
[866][897],OCEAN ISLAND,CANARY ISLANDS / LANZAROTE / BASALT SERIES I / ATLANTIC OCEAN,"PENAS DEL CHACHE, RISCO DE FAMARA",29.1,29.1,-13.42,-13.42,SUBAERIAL,,,s 13.356ILM [866],OCEANITE [866],,,,,,,,,VOLCANIC ROCK,,,,,WHOLE_ROCK [866] ,199127.31000000003,12406.337999999998,,56365.2315,,29234.92,60240.75,,70540.89,107944.15999999999,1161.687,,3320.6000000000004,15727.3684,2313.0313,,19400.,,,,,,,,,,,,,,,,,,,,,,,,,,,,,,,,,,,,,,,,,,,,301,657,,,56,605,107,,,,,,,12,562,28,210,,,,,,,,,,,,,,348,40,68,,,,,,,,,,,,,,,,,,,,,,,6,,3,,,,,,,,,,,,,,,,,,,,,,,,,,3072-13.356 ILM,
[17002][7179],OCEAN ISLAND,MASCARENE ISLANDS INCL. REUNION / REUNION / PITON DE LA FOURNAISE / INDIAN OCEAN,JANUARY 2002 ERUPTION,-21.24,-21.24,55.73,55.73,SUBAERIAL,,,s 020113-1 [17002] / s REU020113-1 [7179],OCEANITE [17002] / PICRITE [7179],,,,,13,1,2002,,VOLCANIC ROCK,,,,,WHOLE_ROCK [17002] ,201698.2025,7371.882,,35248.1166,,102112.4,,102137.22,38022.04,169635.15199999997,1394.0244,,2324.42,8753.9126,654.6315,,,,,,,,,,,,,,,,-8300.,,,,,,,,,,,,,,,,,,,,,,,,,,,,,,,,,,,,,,,,,,,,,,,,,,,,,,,,,,,,,,,,,,,,,,,,,,,,,,,,,,,,,,,,,,,,,,,,,,,,,,,,,,,,,,,,,32255-REU020113-1,
[17002][7179],OCEAN ISLAND,MASCARENE ISLANDS INCL. REUNION / REUNION / PITON DE LA FOURNAISE / INDIAN OCEAN,JANUARY 2002 ERUPTION,-21.24,-21.24,55.73,55.73,SUBAERIAL,,,s 020114-1 [17002] / s REU020114-1 [7179],OCEANITE [17002] / PICRITE [7179],,,,,14,1,2002,,VOLCANIC ROCK,,,,,WHOLE_ROCK [17002] ,206746.5005,8870.232,,42234.2298,,99594.56,,99572.13,45240.51,147684.49599999998,1394.0244,,2905.5249999999996,10534.3694,741.9157,,,,,,,,,,,,,,,,-8200.,,,,,,,,,,,,,,,,,,,,,,,,,,,,,,,,,,,,,,,,,,,,,,,,,,,,,,,,,,,,,,,,,,,,,,,,,,,,,,,,,,,,,,,,,,,,,,18.889,,15.602,,38.997,,,,,,,,,,,,,,,32255-REU020114-1,
[7412][4686],OCEAN ISLAND,MASCARENE ISLANDS INCL. REUNION / MAURITIUS / INDIAN OCEAN,,-20.1767,-20.1767,57.4813,57.4813,SUBAERIAL,,,s MR94-08 [7412],"BASALT, ALKALINE [7412] / OCEANITE [4686]",6310000 [7412],6310000 [7412],,,,,,,VOLCANIC ROCK,,,,,WHOLE_ROCK [7412] ,221096.755,18939.144,,78434.9982,,,,92110.05,76044.08,45469.216,1239.1328,,10293.86,20846.1817,2051.1787,,,,,,,,,,,,,,,,,,,,,,,,,,,,,,,,,,,,,,,,,,,,,,,177,,,,127,,,,,,,,31,482,31,244,32,,,,,,,,,,,,0.2,270,29.91,62.75,,35.12,8.49,2.47,,1.86,,,,,2.23,0.33,5.82,2.24,,,,,,,,,,,3.69,,,,,0.704107,,19.025,,15.614,,39.153,,,,,,,,,,11.79,,,,,33568-MR94-08,
[7412][4686],OCEAN ISLAND,MASCARENE ISLANDS INCL. REUNION / MAURITIUS / INDIAN OCEAN,,-20.3642,-20.3642,57.7055,57.7055,SUBAERIAL,,,s MR95-02 [7412],"BASALT, ALKALINE [7412] / OCEANITE [4686]",5500000 [7412],7800000 [7412],,,,,,,VOLCANIC ROCK,,,,,WHOLE_ROCK [7412] ,219507.47600000002,18999.077999999998,,73512.9639,,,,94208.76,72970.87000000001,57952.14399999999,1316.5786,,7720.395,18991.5392,1702.0419000000002,,,,,,,,,,,,,,,,,,,,,,,,,,,,,,,,,,,,,,,,,,,,,,,490,,,,200,,,,,,,,14,422,29,212,28,,,,,,,,,,,,,186,,,,,,,,,,,,,,,,,,,,,,,,,,,,,,,,,,,,,,,,,,,,,,,,11.81,,,,,33572-MR95-02,
[7412][4686],OCEAN ISLAND,MASCARENE ISLANDS INCL. REUNION / MAURITIUS / INDIAN OCEAN,,-20.3537,-20.3537,57.739,57.739,SUBAERIAL,,,s MR95-03 [7412],"BASALT, ALKALINE [7412] / OCEANITE [4686]",6490000 [7412],6490000 [7412],,,,,,,VOLCANIC ROCK,,,,,WHOLE_ROCK [7412] ,226472.25750000004,17320.926,,79916.901,,,,87834.90000000001,75329.37999999999,40825.808,1239.1328,,9795.769999999999,23516.866899999997,1876.6103,,,,,,,,,,,,,,,,,,,,,,,,,,,,,,,,,,,,,,,,,,,,,,,179,,,,104,,,,,,,,27,460,33,229,29,,,,,,,,,,,,0.2,251,27.4,58.9,,36.4,7.68,2.39,,1.71,,,,,2.47,0.36,5.57,2.12,,,,,,,,,,,3.26,,0.512865,,,0.704224,,19.041,,15.609,,39.145,,,,,,,,,,11.73,,,,,33573-MR95-03,
[7412][4686],OCEAN ISLAND,MASCARENE ISLANDS INCL. REUNION / MAURITIUS / INDIAN OCEAN,,-20.1712,-20.1712,57.7587,57.7587,SUBAERIAL,,,s MR95-10 [7412],"BASALT, ALKALINE [7412] / OCEANITE [4686]",192000 [7412],192000 [7412],,,,,,,VOLCANIC ROCK,,,,,WHOLE_ROCK [7412] ,216469.14850000004,10248.714,,77746.9719,,,,94131.03,74400.27,69168.688,1239.1328,,2739.4950000000003,19733.3962,610.9894,,,,,,,,,,,,,,,,,,,,,,,,,,,,,,,,,,,,,,,,,,,,,,,437,,,,289,,,,,,,,5,280,21,82,10,,,,,,,,,,,,0.2,90,8.11,17.9,,34.49,3.32,1.16,,0.53,,,,,1.79,0.29,1.98,0.66,,,,,,,,,,,0.87,,0.512948,,,0.703732,,18.876,,15.59,,38.961,,,,,,,,,,8.39,,,,,33580-MR95-10,
[7412][4686],OCEAN ISLAND,MASCARENE ISLANDS INCL. REUNION / MAURITIUS / INDIAN OCEAN,,-20.106,-20.106,57.7332,57.7332,SUBAERIAL,,,s MR95-14 [7412],"BASALT, ALKALINE [7412] / OCEANITE [4686]",124000 [7412],124000 [7412],,,,,,,VOLCANIC ROCK,,,,,WHOLE_ROCK [7412] ,220208.62850000002,9529.506,,80128.6014,,,,92032.31999999999,73685.57,64464.975999999995,1239.1328,,2324.42,20252.696099999997,567.3473,,,,,,,,,,,,,,,,,,,,,,,,,,,,,,,,,,,,,,,,,,,,,,,454,,,,257,,,,,,,,2,251,22,85,8,,,,,,,,,,,,,76,,,,,,,,,,,,,,,,,,,,,,,,,,,,,0.512905,,,0.703695,,,,,,,,,,,,,,,,7.93,,,,,33584-MR95-14,
[7412][4686],OCEAN ISLAND,MASCARENE ISLANDS INCL. REUNION / MAURITIUS / INDIAN OCEAN,,-20.4683,-20.4683,57.3812,57.3812,SUBAERIAL,,,s MR95-23 [7412],"BASALT, ALKALINE [7412] / OCEANITE [4686]",3030000 [7412],3030000 [7412],,,,,,,VOLCANIC ROCK,,,,,WHOLE_ROCK [7412] ,216562.6355,13365.282,,69861.132,,,,90555.45,76329.95999999999,72726.624,1239.1328,,7056.275,18249.6822,1571.1155999999999,,,,,,,,,,,,,,,,,,,,,,,,,,,,,,,,,,,,,,,,,,,,,,,516,,,,316,,,,,,,,20,384,25,129,28,,,,,,,,,,,,0.2,281,20.84,40.73,,36.36,5.45,1.73,,1.26,,,,,1.78,0.25,3.1,1.84,,,,,,,,,,,2.55,,0.512813,,,0.703722,,18.984,,15.595,,39.216,,,,,,,,,,6.49,,,,,33593-MR95-23,
[767],OCEAN ISLAND,CAROLINE ISLANDS / PONAPE / PONAPE TRANSITIONAL LAVA SERIES / PACIFIC OCEAN,,6.9,6.9,-158.25,-158.25,SUBAERIAL,,,s P6 [767],OCEANITE [767],,,,,,,,,VOLCANIC ROCK,,,,,WHOLE_ROCK [767] ,203334.225,14084.49,,47632.590000000004,,,,106723.29000000001,61678.61000000001,95039.10399999999,1471.4702,,3486.6299999999997,12834.1261,1003.7683000000001,,,,,,,,,,,,,,,,,,,,,,,,,,,,,,,,,,,,,,,,,,,,,,,1064,,,,936,,,,,,,,6,241,21,172,18,,,,,,,,,,,,,156,19,34,,22,,,,,,,,,,,,,,,,,,,,,1,,2,,,,,,,,,,,,,,,,,,,,,,,,,,34219,
[767],OCEAN ISLAND,CAROLINE ISLANDS / KUSAIE / KUSAIE MAIN LAVA SERIES / PACIFIC OCEAN,,5.3,5.3,-162.93,-162.93,SUBAERIAL,,,s K14 [767],OCEANITE [767],,,,,,,,,VOLCANIC ROCK,,,,,WHOLE_ROCK [767] ,195387.83000000002,34521.984,,49749.594000000005,,,,129342.72,82905.2,52886.60799999999,1471.4702,,16436.97,12463.1976,1440.1893,,,,,,,,,,,,,,,,,,,,,,,,,,,,,,,,,,,,,,,,,,,,,,,461,,,,343,,,,,,,,33,457,36,371,82,,,,,,,,,,,,,381,82,155,,69,,,,,,,,,,,,,,,,,,,,,3,,7,,,,,,,,,,,,,,,,,,,,,,,,,,34224,
[545],OCEAN ISLAND,SOCIETY ISLANDS / RAIATEA / PACIFIC OCEAN,,-16.72,-16.92,-151.35,-151.49,SUBAERIAL,,,s RI38 [545],OCEANITE [545],,,,,,,,,VOLCANIC ROCK,,,,,WHOLE_ROCK [545] ,202399.355,12885.81,,42022.52940000001,,,,99028.02,55031.9,129653.59999999999,1394.0244,,5894.065,9569.9553,1396.5472,,,,,,,,,,,,,,,,3000.,,,,,,,,,,,,,,,,,,,,,,,,,,,,,,,,,,,,,,,,,,,,,,,,,,,,,,,,,,,,,,,,,,,,,,,,,,,,,,,,,,,,,,,,,,,,,,,,,,,,,,,,,,,,,,,,,37077,
[771],OCEAN ISLAND,MARQUESAS / EIAO / PACIFIC OCEAN,,-8,-8,-140.67,-140.67,SUBAERIAL,,,s EAO-13 [771],OCEANITE [771],,,,,,,,,VOLCANIC ROCK,,,,,WHOLE_ROCK [771] ,209177.1625,15942.444,,56629.856999999996,,,,94675.14,56103.95,88224.752,1394.0244,,6060.095,13946.9116,1876.6103,23000.,,,,,,,,,,,,,,,,,,,,,,,,,,,,,6,,,,,,,,,,,,,,,,248,630,,,69,460,44,119,,,,,,18,353,,,,,,,,,,,,,,,,205,,,,,,,,,,,,,,,,,,,,,,,,,,,,,,,,,,,,,,,,,,,,,,,,,,,,,38795,
[774],OCEAN ISLAND,MARQUESAS / HATUTU / PACIFIC OCEAN,,-7.93,-7.93,-140.55,-140.55,SUBAERIAL,,,s HTT-14 [774],OCEANITE [774],,,,,,,,,VOLCANIC ROCK,,,,,WHOLE_ROCK [774] ,209784.82800000004,13365.282,,43239.8067,,,,85503,60892.439999999995,116085.2,1239.1328,,6475.17,9792.5124,1440.1893,25099.999999999996,,,,,,,,,,,,,,,,,,,,,,,,,,,,,4,,,,,,,,,,,,,,,,246,1310,,,73,675,53,98,,,,,,20,249,,,,,,,,,,,,,,,,150,,,,,,,,,,,,,,,,,,,,,,,,,,,,,,,,,,,,,,,,,,,,,,,,,,,,,38832,
[774],OCEAN ISLAND,MARQUESAS / HATUTU / PACIFIC OCEAN,,-7.93,-7.93,-140.55,-140.55,SUBAERIAL,,,s HTT-12 [774],OCEANITE [774],,,,,,,,,VOLCANIC ROCK,,,,,WHOLE_ROCK [774] ,213524.30800000002,14743.764,,49484.9685,,,,81305.58,72399.11,92747.552,1239.1328,,7056.275,11869.712,1571.1155999999999,24300.,,,,,,,,,,,,,,,,,,,,,,,,,,,,,5,,,,,,,,,,,,,,,,274,1240,,,63,485,56,94,,,,,,21,307,,,,,,,,,,,,,,,,170,,,,,,,,,,,,,,,,,,,,,,,,,,,,,,,,,,,,,,,,,,,,,,,,,,,,,38833,
[774],OCEAN ISLAND,MARQUESAS / HATUTU / PACIFIC OCEAN,,-7.93,-7.93,-140.55,-140.55,SUBAERIAL,,,s HTT-16 [774],OCEANITE [774],,,,,,,,,VOLCANIC ROCK,,,,,WHOLE_ROCK [774] ,210719.698,14144.423999999999,,51443.1972,,,,91099.56000000001,66538.57,104024.4,1394.0244,,7056.275,12389.0119,1440.1893,600.,,,,,,,,,,,,,,,,,,,,,,,,,,,,,5,,,,,,,,,,,,,,,,260,1025,,,80,565,75,107,,,,,,20,414,,,,,,,,,,,,,,,,230,,,,,,,,,,,,,,,,,,,,,,,,,,,,,,,,,,,,,,,,,,,,,,,,,,,,,38834,
[1467],OCEAN ISLAND,MASCARENE ISLANDS INCL. REUNION / REUNION / PITON DE LA FOURNAISE / INDIAN OCEAN,,-21.22,-21.22,55.65,55.65,SUBAERIAL,,,s 4 [1467],OCEANITE [1467],,,,,,,,,VOLCANIC ROCK,,,,,WHOLE_ROCK [1467] ,208289.03600000002,13305.348,,47103.33900000001,,26996.84,71356.14,,54317.2,130136.03199999998,1084.2412000000002,,4565.825000000001,9569.9553,,,2400.,1100.,,,,,,,,,,,,,,,,,,,,,,,,,,,,,,,,,,,,,,,,,,,,,,,,,,,,,,,,,,,,,,,,,,,,,,,,,,,,,,,,,,,,,,,,,,,,,,,,,,,,,,,,,,,,,,,,,,,,,,,,,,,,,,39238,
[1467],OCEAN ISLAND,MASCARENE ISLANDS INCL. REUNION / REUNION / PITON DE LA FOURNAISE / INDIAN OCEAN,,-21.22,-21.22,55.65,55.65,SUBAERIAL,,,s 5 [1467],OCEANITE [1467],,,,,,,,,VOLCANIC ROCK,,,,,WHOLE_ROCK [1467] ,211280.62000000002,12466.271999999999,,45621.4362,,14267.76,85658.45999999999,,53030.74,134357.312,1161.687,,4399.795,6602.5273,,,,1900.,,,,,,,,,,,,,,,,,,,,,,,,,,,,,,,,,,,,,,,,,,,,,,,,,,,,,,,,,,,,,,,,,,,,,,,,,,,,,,,,,,,,,,,,,,,,,,,,,,,,,,,,,,,,,,,,,,,,,,,,,,,,,,39239,
[1467],OCEAN ISLAND,MASCARENE ISLANDS INCL. REUNION / REUNION / PITON DE LA FOURNAISE / INDIAN OCEAN,,-21.22,-21.22,55.65,55.65,SUBAERIAL,,,s 6 [1467],OCEANITE [1467],,,,,,,,,VOLCANIC ROCK,,,,,WHOLE_ROCK [1467] ,207634.62700000004,9949.043999999998,,40858.1772,,45041.36,56354.25,,46026.68,147202.06399999998,929.3496,,5478.990000000001,5934.856,,,3100.,600.,,,,,,,,,,,,,,,,,,,,,,,,,,,,,,,,,,,,,,,,,,,,,,,,,,,,,,,,,,,,,,,,,,,,,,,,,,,,,,,,,,,,,,,,,,,,,,,,,,,,,,,,,,,,,,,,,,,,,,,,,,,,,,39240,
[569],OCEAN ISLAND,PITCAIRN-GAMBIER CHAIN / GAMBIER ISLANDS / PACIFIC OCEAN,KAMAKA,-23.24,-23.24,-134.97,-134.97,SUBAERIAL,,,s 7G [569],OCEANITE [569],,,,,,,,,VOLCANIC ROCK,,,,,WHOLE_ROCK [569] ,,11027.856,,,,79172.08,,,,,13165.786,,,,,,,,,,,,,,,,,,,,,,,,,,,,,,,,,,,,,,,,,,,,,,,,,,,,,,,,,,,,,,,,,,,,,,,,,,,,,,,,,,,,,,,,,,,,,,,,,,,,,,,,,,,,,,,,,,,,,,,,,,,,,,,,,,,,,39872,
[569],OCEAN ISLAND,PITCAIRN-GAMBIER CHAIN / GAMBIER ISLANDS / PACIFIC OCEAN,AGAKAUITAI,-23.17,-23.17,-135.03,-135.03,SUBAERIAL,,,s 12T [569],OCEANITE [569],,,,,,,,,VOLCANIC ROCK,,,,,WHOLE_ROCK [569] ,,16062.312,,,,77563.45999999999,,,,,13785.3524,,,,,,,,,,,,,,,,,,,,,,,,,,,,,,,,,,,,,,,,,,,,,,,,,,,,,,,,,,,,,,,,,,,,,,,,,,,,,,,,,,,,,,,,,,,,,,,,,,,,,,,,,,,,,,,,,,,,,,,,,,,,,,,,,,,,,39873,
[569],OCEAN ISLAND,PITCAIRN-GAMBIER CHAIN / GAMBIER ISLANDS / PACIFIC OCEAN,KAMAKA,-23.24,-23.24,-134.97,-134.97,SUBAERIAL,,,s 7E [569],OCEANITE [569],,,,,,,,,VOLCANIC ROCK,,,,,WHOLE_ROCK [569] ,,7311.947999999999,,,,103441.26,,,,,15024.4852,,,,,,,,,,,,,,,,,,,,,,,,,,,,,,,,,,,,,,,,,,,,,,,,,,,,,,,,,,,,,,,,,,,,,,,,,,,,,,,,,,,,,,,,,,,,,,,,,,,,,,,,,,,,,,,,,,,,,,,,,,,,,,,,,,,,,39874,
[569],OCEAN ISLAND,PITCAIRN-GAMBIER CHAIN / GAMBIER ISLANDS / PACIFIC OCEAN,AKAMARU,-23.18,-23.18,-134.92,-134.92,SUBAERIAL,,,s 11A [569],OCEANITE [569],,,,,,,,,VOLCANIC ROCK,,,,,WHOLE_ROCK [569] ,,6472.872,,,,99874.31999999999,,,,,16108.7264,,,,,,,,,,,,,,,,,,,,,,,,,,,,,,,,,,,,,,,,,,,,,,,,,,,,,,,,,,,,,,,,,,,,,,,,,,,,,,,,,,,,,,,,,,,,,,,,,,,,,,,,,,,,,,,,,,,,,,,,,,,,,,,,,,,,,39875,
[569],OCEAN ISLAND,PITCAIRN-GAMBIER CHAIN / GAMBIER ISLANDS / PACIFIC OCEAN,MANGAREVA,-23.13,-23.13,-135,-135,SUBAERIAL,,,s 8J [569],OCEANITE [569],,,,,,,,,VOLCANIC ROCK,,,,,WHOLE_ROCK [569] ,,6293.07,,,,96307.37999999999,,,,,14327.473,,,,,,,,,,,,,,,,,,,,,,,,,,,,,,,,,,,,,,,,,,,,,,,,,,,,,,,,,,,,,,,,,,,,,,,,,,,,,,,,,,,,,,,,,,,,,,,,,,,,,,,,,,,,,,,,,,,,,,,,,,,,,,,,,,,,,39876,
[569],OCEAN ISLAND,PITCAIRN-GAMBIER CHAIN / GAMBIER ISLANDS / PACIFIC OCEAN,AGAKAUITAI,-23.17,-23.17,-135.03,-135.03,SUBAERIAL,,,s 12R [569],OCEANITE [569],,,,,,,,,VOLCANIC ROCK,,,,,WHOLE_ROCK [569] ,,9229.836,,,,83508.36,,,,,13707.9066,,,,,,,,,,,,,,,,,,,,,,,,,,,,,,,,,,,,,,,,,,,,,,,,,,,,,,,,,,,,,,,,,,,,,,,,,,,,,,,,,,,,,,,,,,,,,,,,,,,,,,,,,,,,,,,,,,,,,,,,,,,,,,,,,,,,,39877,
[569],OCEAN ISLAND,PITCAIRN-GAMBIER CHAIN / GAMBIER ISLANDS / PACIFIC OCEAN,AGAKAUITAI,-23.17,-23.17,-135.03,-135.03,SUBAERIAL,,,s 12S [569],OCEANITE [569],,,,,,,,,VOLCANIC ROCK,,,,,WHOLE_ROCK [569] ,,9889.109999999999,,,,84697.34,,,,,14327.473,,,,,,,,,,,,,,,,,,,,,,,,,,,,,,,,,,,,,,,,,,,,,,,,,,,,,,,,,,,,,,,,,,,,,,,,,,,,,,,,,,,,,,,,,,,,,,,,,,,,,,,,,,,,,,,,,,,,,,,,,,,,,,,,,,,,,39878,
[569],OCEAN ISLAND,SOCIETY ISLANDS / TAHITI / TAHITI-ITI / PACIFIC OCEAN,VAITEPIHA VALLEY NEAR TAUTIRA,-17.8,-17.8,-149.2,-149.2,SUBAERIAL,,,s 2F [569],OCEANITE [569],,,,,,,,,VOLCANIC ROCK,,,,,WHOLE_ROCK [569] ,,17081.19,,,,93719.6,,,,,,,,,,,,,,,,,,,,,,,,,,,,,,,,,,,,,,,,,,,,,,,,,,,,,,,,,1910,,,,,,,,,,,,,,,,,,,,,,,,,,,,,,,,,,,,,,,,,,,,,,,,,,,,,,,,,,,,,,,,,,,,,,,,,,,,,,,,,39915,
[569],OCEAN ISLAND,SOCIETY ISLANDS / TAHITI / TAHITI-ITI / PACIFIC OCEAN,HAAVINI VALLEY,-17.8,-17.8,-149.2,-149.2,SUBAERIAL,,,s 2C [569],OCEANITE [569],,,,,,,,,VOLCANIC ROCK,,,,,WHOLE_ROCK [569] ,,22774.92,,,,95538.04000000001,,,,,,,,,,,,,,,,,,,,,,,,,,,,,,,,,,,,,,,,,,,,,,,,,,,,,,,,,1890,,,,,,,,,,,,,,,,,,,,,,,,,,,,,,,,,,,,,,,,,,,,,,,,,,,,,,,,,,,,,,,,,,,,,,,,,,,,,,,,,39916,
[569],OCEAN ISLAND,SOCIETY ISLANDS / TAHITI / TAHITI-NUI / PACIFIC OCEAN,POINTE TAPAHI,-17.62,-17.62,-149.47,-149.47,SUBAQUATIC,50,50,s 2R [569],OCEANITE [569],,,,,,,,,VOLCANIC ROCK,,,,,WHOLE_ROCK [569] ,,19598.417999999998,,,,95048.45999999999,,,,,,,,,,,,,,,,,,,,,,,,,,,,,,,,,,,,,,,,,,,,,,,,,,,,,,,,,1850,,,,,,,,,,,,,,,,,,,,,,,,,,,,,,,,,,,,,,,,,,,,,,,,,,,,,,,,,,,,,,,,,,,,,,,,,,,,,,,,,39917,
[569],OCEAN ISLAND,SOCIETY ISLANDS / TAHITI / TAHITI-NUI / PACIFIC OCEAN,POINTE TAPAHI,-17.62,-17.62,-149.47,-149.47,SUBAQUATIC,50,50,s 3A [569],OCEANITE [569],,,,,,,,,VOLCANIC ROCK,,,,,WHOLE_ROCK [569] ,,18639.474,,,,90922,,,,,,,,,,,,,,,,,,,,,,,,,,,,,,,,,,,,,,,,,,,,,,,,,,,,,,,,,1930,,,,,,,,,,,,,,,,,,,,,,,,,,,,,,,,,,,,,,,,,,,,,,,,,,,,,,,,,,,,,,,,,,,,,,,,,,,,,,,,,39918,
[569],OCEAN ISLAND,SOCIETY ISLANDS / TAHITI / PACIFIC OCEAN,MOUILLAGE DE COOK,-17.8,-17.8,-149.2,-149.2,SUBAERIAL,,,s 2H [569],"OCEANITE, OLIVINE [569]",,,,,,,,,VOLCANIC ROCK,,,,,WHOLE_ROCK [569] ,,21396.438,,,,107847.48,,,,,,,,,,,,,,,,,,,,,,,,,,,,,,,,,,,,,,,,,,,,,,,,,,,,,,,,,1850,,,,,,,,,,,,,,,,,,,,,,,,,,,,,,,,,,,,,,,,,,,,,,,,,,,,,,,,,,,,,,,,,,,,,,,,,,,,,,,,,39919,
[571][1415],OCEAN ISLAND,SOCIETY ISLANDS / TAHITI / TARAVAO / PRE-CALDERA STAGE / PACIFIC OCEAN,,-17.75,-17.75,-149.28,-149.28,SUBAERIAL,,,s TA16 [571],OCEANITE [571],,,,,,,,,VOLCANIC ROCK,,,,,WHOLE_ROCK [571] ,202118.89400000003,19358.681999999997,,54354.0777,,,,98561.64,66467.1,84003.472,1239.1328,,8384.515,16024.111200000001,2225.7471,,,,,,,,,,,,,,,,,,,,,,,,,,,,,,,,,,,,,,,,,,,,23.9,,,619,,,68,313.7,,,,,,,,,,,222,,,,,,,,,,,,,,320,33,76,,41,8.1,2.7,,0.89,,,,,1.45,0.23,6.3,2.5,,,,,,,,,,,4.4,1.16,,,,,,,,,,,,,,,,,,,,,,,,,4031-TA16,
[13439],OCEAN ISLAND,MASCARENE ISLANDS INCL. REUNION / REUNION / PITON DE LA FOURNAISE / DREDGE DC2 / INDIAN OCEAN,,-21.2067,-21.2067,55.8233,55.8233,SUBAQUATIC,-160,-190,s DC2 [13439],OCEANITE [13439],,110000 [13439],,HOLOCENE [13439],,,,MICROLITHIC [13439] ,VOLCANIC ROCK,,,,,WHOLE_ROCK [13439] ,204269.09500000003,10488.449999999999,,38899.9485,,21611.46,85503,,45026.1,141714.4,1548.9160000000002,,3735.675,13353.426,,,,100.,,,,,,,,,,,,,,,,,,,,,,,,,,,,,,,,,,,,,,,,,,,,,,,,,,,,,,,,,,,,,,,,,,,,,,,,,,,,,,,,,,,,,,,,,,,,,,,,,,,,,,,,,,,,,,,,,,,,,,,,,,,,,,406350,
[13439],OCEAN ISLAND,MASCARENE ISLANDS INCL. REUNION / REUNION / PITON DE LA FOURNAISE / DREDGE DC28 / INDIAN OCEAN,,-21.3683,-21.3683,55.78,55.78,SUBAQUATIC,-465,-465,s DC28 [13439],OCEANITE [13439],,110000 [13439],,HOLOCENE [13439],,,,MICROLITHIC [13439] ,VOLCANIC ROCK,,,,,WHOLE_ROCK [13439] ,211748.055,14384.159999999998,,58746.861,,25038.52,68402.40000000001,,60749.5,93471.2,1548.9160000000002,,7056.275,19288.282,,,,4800.,,,,,,,,,,,,,,,,,,,,,,,,,,,,,,,,,,,,,,,,,,,,,,,,,,,,,,,,,,,,,,,,,,,,,,,,,,,,,,,,,,,,,,,,,,,,,,,,,,,,,,,,,,,,,,,,,,,,,,,,,,,,,,406356,
[13439],OCEAN ISLAND,MASCARENE ISLANDS INCL. REUNION / REUNION / PITON DE LA FOURNAISE / DREDGE DC31 / INDIAN OCEAN,,-21.375,-21.375,55.7867,55.7867,SUBAQUATIC,-750,-880,s DC31 [13439],OCEANITE [13439],,110000 [13439],,HOLOCENE [13439],,,,QUENCHED TEXTURE [13439] ,VOLCANIC ROCK,,,,,WHOLE_ROCK [13439] ,208476.01,10788.119999999999,,45515.586,,18324.280000000002,83171.09999999999,,52173.1,128145.99999999999,1471.4702,,4150.75,14095.283,,,,,,,,,,,,,,,,,,,,,,,,,,,,,,,,,,,,,,,,,,,,,,,,,,,,,,,,,,,,,,,,,,,,,,,,,,,,,,,,,,,,,,,,,,,,,,,,,,,,,,,,,,,,,,,,,,,,,,,,,,,,,,,,,,406357,
[788],OCEAN ISLAND,MARQUESAS / TAHUATA / PACIFIC OCEAN,VAITAHU,-9.97,-9.97,-139.08,-139.08,SUBAERIAL,145,145,s 54R [788],OCEANITE [788],,,,,,,,,VOLCANIC ROCK,,,,,WHOLE_ROCK [788] ,201370.99800000002,14623.895999999999,,41916.6792,,10491.,86435.76,,70040.6,119462.22399999999,1781.2534,,4150.75,8976.4697,,,22100.,100.,,,,,,,,,,,,,,,,,,,,,,,,,,,,,,,,,,,,,,,,,,,,,,,,,,,,,,,,,,,,,,,,,,,,,,,,,,,,,,,,,,,,,,,,,,,,,,,,,,,,,,,,,,,,,,,,,,,,,,,,,,,,,,41575,
[2709],CONTINENTAL FLOOD BASALT,DECCAN / NORTHERN DECCAN,SAURASHTRA AREA,22,23,72,72,SUBAERIAL,,,s 129 [2709],OCEANITE [2709],,,,,,,,,VOLCANIC ROCK,,,,,WHOLE_ROCK [2709] ,203100.50750000004,10428.516,,54777.4785,,12449.32,80916.93000000001,,79331.7,109632.67199999999,,,3237.585,7937.869900000001,741.9157,,5000.,5000.,,,,,,,,,,,,,,,,,,,,,,,,,,,,,,,,,,,,,,,,,,,,,,,,,,,,,,,,,,,,,,,,,,,,,,,,,,,,,,,,,,,,,,,,,,,,,,,,,,,,,,,,,,,,,,,,,,,,,,,,,,,,,,42609,
[2709],OCEAN ISLAND,MASCARENE ISLANDS INCL. REUNION / MAURITIUS / INDIAN OCEAN,,-20.33,-20.33,57.5,57.5,SUBAERIAL,,,s 28 [2709],OCEANITE [2709],,,,,,,,,VOLCANIC ROCK,,,,,WHOLE_ROCK [2709] ,201604.71550000002,12346.404,,48055.9908,,19793.02,78740.49,,65895.34000000001,108125.07199999999,1394.0244,,6973.259999999999,11424.5978,785.5577999999999,,17100.,5000.,,,,,,,,,,,,,,,,,,,,,,,,,,,,,,,,,,,,,,,,,,,,,,,,,,,,,,,,,,,,,,,,,,,,,,,,,,,,,,,,,,,,,,,,,,,,,,,,,,,,,,,,,,,,,,,,,,,,,,,,,,,,,,42610,
[2582],OCEAN ISLAND,CAMEROON LINE / PAGALU (ANNOBON) / ATLANTIC OCEAN,,-1.26,-1.26,5.37,5.37,SUBAERIAL,,,s 4 [2582],OCEANITE [2582],,,,,,,,,VOLCANIC ROCK,,,,,WHOLE_ROCK [2582] ,183234.52000000002,22175.579999999998,,66103.4499,,24269.18,73688.04000000001,,70612.36,99622.20799999998,1161.687,,8716.575,14688.7686,3098.5890999999997,,2700.,10000,,,,,,,,,,,,,,,,,,,,,,,,,,,,,,,,,,,,,,,,,,,,,,,,,,,,,,,,,,,,,,,,,,,,,,,,,,,,,,,,,,,,,,,,,,,,,,,,,,,,,,,,,,,,,,,,,,,,,,,,,,,,,,43688,
[774][1184][776][1520],OCEAN ISLAND,MARQUESAS / HATUTU / PACIFIC OCEAN,,-7.93,-7.93,-140.55,-140.55,SUBAERIAL,,,s HTT-01 [774],"OCEANITE [774] / BASALT [1184] / BASALT, ALKALINE [776]",,,,,,,,,VOLCANIC ROCK,,,,,WHOLE_ROCK [774] ,210719.698,16661.652,,55306.7295,,,,93198.27,60820.97,91662.07999999999,1471.4702,,9878.785,15133.8828,1832.9682,6300.,,,,,,,,,,,,,,,,,,,,,,,,,,,,,6,,,,,,,,,,,,,,,,268,825,,,81,610,65,120,,,,,,28,455,,,,,,,,,,,,,,,,290,,,,33.4,,,,,,,,,,,,,,,,,,,,,,,,,0.512806,,,0.70472,,,,,,,,,,,,,,,,,,,,,4386-HTT-01,
[774][776][1520],OCEAN ISLAND,MARQUESAS / HATUTU / PACIFIC OCEAN,,-7.93,-7.93,-140.55,-140.55,SUBAERIAL,,,s HTT-19 [774],"OCEANITE [774] / BASALT, TRANSITIONAL [776]",,,,,,,,,VOLCANIC ROCK,,,,,WHOLE_ROCK [774] ,214459.178,14384.159999999998,,47897.215500000006,,,,83715.20999999999,70040.6,97390.95999999999,1394.0244,,7056.275,13279.2403,1483.8314,13000.,,,,,,,,,,,,,,,,,,,,,,,,,,,,,5,,,,,,,,,,,,,,,,270,1225,,,67,545,50,98,,,,,,21,335,,,,,,,,,,,,,,,,185,,,,24.6,,,,,,,,,,,,,,,,,,,,,,,,,0.512859,,,0.70448,,,,,,,,,,,,,,,,,,,,,4386-HTT-19,
[546][548],OCEAN ISLAND,SOCIETY ISLANDS / MOOREA / PACIFIC OCEAN,VALLEE DE MAHAREPA,-17.5,-17.5,-149.83,-149.83,SUBAERIAL,,,s 38W [546],BASALT [546] / OCEANITE [548],,,,,,,,,VOLCANIC ROCK,,,,,WHOLE_ROCK [546] ,210018.5455,21096.768,,65415.4236,,38816.7,59774.37,,68539.73,59218.528,232.3374,,12203.205,17211.0824,1920.2524,,14600.,4700.,,,,,,,,,,,,,19300.,,,,,,,,,,,,,,8,,,,,,,,,,,,,,,,298,204,,,57,222,79,127,,,,,,35,575,36,275,40,,,,,,,,,,,,,320,37.5,79.2,,,10.2,3,,1.22,,,,,1.96,0.3,6.2,,,,,,,,,,,,4.3,,,,,,,,,,,,,,,,,,,,,,,,,,4488-38W,
[1121],CONTINENTAL FLOOD BASALT,NORTH ATLANTIC IGNEOUS PROVINCE (NAIP) / EAST GREENLAND / MIKIS FORMATION,,66,71,-24,-34,SUBAERIAL,,,s 40645_UNLEACHED [1121],OCEANITE [1121],,,,CENOZOIC [1121],,,,,VOLCANIC ROCK,,,,,WHOLE_ROCK [1121] ,,,,,,,,,,,,,,,,,,,,,,,,,,,,,,,,,,,,,,,,,,,,,,,,,,,,,,,,,,,,,,,,,,,,,,,,,,,,,,,,,,,,,,,,,,,,,,,,,,,,,,,,,,,,,,,,,,,,,,,,0.512784,,,0.703863,,,,,,,,,,,,,,,,,,,,,47414,
[2186],CONVERGENT MARGIN,SCOTIA ARC / SOUTH SANDWICH ISLAND ARC / MONTAGU / ATLANTIC OCEAN,MATHIAS POINT,-58.433,-58.433,-26.266,-26.266,SUBAERIAL,,,s SSM5.2ATREATED [2186],OCEANITE [2186],,,,,,,,,VOLCANIC ROCK,,,,,WHOLE_ROCK [2186] ,232315.19500000004,,,,,,,,,,,,,,,,,,,,,,,,,,,,,,,,,,,,,,,,,,,,,,,,,,,,,,,,,,,,,,,,,,,,,,,,,10,105,,,,,,,,,,,,,,,,,,,,,,,,,,,,,,,,,,,,,,,,,,,,,,,,0.7036,,,,,,,,,,,,,,,,,,,,,53105,
[17002][10784],OCEAN ISLAND,MASCARENE ISLANDS INCL. REUNION / REUNION / PITON DE LA FOURNAISE / INDIAN OCEAN,"FEBRUARY 2005 ERUPTION, OSMONDE PLAIN",-21.23,-21.23,55.73,55.73,SUBAERIAL,600,1600,s 0502-251 [17002],OCEANITE [17002] / BASALT [10784],,,,,25,2,2005,,VOLCANIC ROCK,,,FRESH,,WHOLE_ROCK [17002] ,209784.82800000004,9289.77,,44615.859300000004,,99734.44,,99727.59,48313.72,137854.944,1471.4702,,3320.6000000000004,11869.712,916.4841,,,,,,,,,,,,,,,,-9900.,,,,,,,,,,,,,,4.36,,,,,,,,,,,,,,,,,,,,,,,,,,,,,10.38,211.7,18.53,121.6,14.44,,,,,,,,,,,,,81.7,11.45,26.32,3.41,14.87,3.66,1.29,3.59,0.63,3.17,0.622,1.63,,1.32,0.186,2.76,0.87,,,,,,,,,1.45,,1.22,0.281,,,,,,18.8837,,15.5876,,38.9732,,,,,,,,,,,,,,,53215-0502-251,
[17002][10784],OCEAN ISLAND,MASCARENE ISLANDS INCL. REUNION / REUNION / PITON DE LA FOURNAISE / INDIAN OCEAN,"FEBRUARY 2005 ERUPTION, OSMONDE PLAIN",-21.23,-21.23,55.73,55.73,SUBAERIAL,600,1600,s 0502-261 [17002],OCEANITE [17002] / BASALT [10784],,,,,26,2,2005,,VOLCANIC ROCK,,,FRESH,,WHOLE_ROCK [17002] ,210485.98050000003,9589.44,,45833.136600000005,,98335.64,,98328.45,49814.59,133090.92799999999,1471.4702,,3486.6299999999997,12166.4548,916.4841,,,,,,,,,,,,,,,,-7500.,,,,,,,,,,,,,,4.13,,,,,,,,,,,,,,,,,,,,,,,,,,,,,10.44,213.8,18.69,121.4,13.65,,,,,,,,,,,,,77.8,10.97,25.45,3.39,14.95,3.72,1.31,3.64,0.644,3.31,0.639,1.65,,1.32,0.191,2.79,0.85,,,,,,,,,0.93,,1.09,0.253,,,,,,18.887,,15.5894,,38.9775,,,,,,,,,,,,,,,53215-0502-261,
[16975],OCEAN ISLAND,MASCARENE ISLANDS INCL. REUNION / REUNION / PITON DE LA FOURNAISE / INDIAN OCEAN,APRIL 2007 ERUPTION,-21.23,-21.23,55.75,55.75,SUBAERIAL,,,s 070405-1B [16975],OCEANITE [16975],,,,,5,4,2007,,VOLCANIC ROCK,,,,,WHOLE_ROCK [16975] ,213290.59050000002,10008.978,,46309.4625,,,,98950.29000000001,50743.7,126517.792,1394.0244,,3486.6299999999997,12166.4548,785.5577999999999,600.,,,,,,240.,,,,,,,,0,,,,,,,,,,,,,,,3.92,0.57,1.62,,,,,,,,,105,,,20.2,9242,177,844,,,103,902,64.16,,,,0.46,,,8.81,195,16.7,107,11.11,0.7,,,,,0.081,0.055,0.979,0.033,,,0.136,68.4,9.9,23.1,3.12,13.9,3.44,1.18,3.74,0.559,3.26,0.608,1.59,0.208,1.28,0.178,2.61,0.709,0.153,0.00049,,,,,,0.023,0.831,0.011,1.14,0.285,,,,,,,,,,,,,,,,,,,,,,,,,662604,
[16975],OCEAN ISLAND,MASCARENE ISLANDS INCL. REUNION / REUNION / PITON DE LA FOURNAISE / INDIAN OCEAN,APRIL 2007 ERUPTION,-21.23,-21.23,55.75,55.75,SUBAERIAL,,,s 070406-1B [16975],OCEANITE [16975],,,,,5,4,2007,,VOLCANIC ROCK,,,,,WHOLE_ROCK [16975] ,206466.0395,8270.891999999998,,38053.14690000001,,,,100738.08,41452.6,149373.008,1471.4702,,2490.45,9421.5839,654.6315,600.,,,,,,220.,,,,,,,,100.,,,,,,,,,,,,,,,3.87,0.55,1.47,,,,,,,,,225,,,17.1,9107,168,809,,,104,930,60.6,,,,0.44,,,8.2,184,16.2,103,10.39,0.6,,,,,0.079,0.053,0.958,0.033,,,0.128,64.1,9.28,21.7,2.94,13.2,3.35,1.15,3.61,0.541,3.18,0.59,1.55,0.203,1.26,0.173,2.52,0.669,0.146,,,,,,,0.02,0.757,0.013,1.06,0.27,,,,,,,,,,,,,,,,,,,,,,,,,662605,
[16975],OCEAN ISLAND,MASCARENE ISLANDS INCL. REUNION / REUNION / PITON DE LA FOURNAISE / INDIAN OCEAN,APRIL 2007 ERUPTION,-21.23,-21.23,55.75,55.75,SUBAERIAL,,,s 070407-1B [16975],OCEANITE [16975],,,,,6,4,2007,,VOLCANIC ROCK,,,,,WHOLE_ROCK [16975] ,200529.61500000002,6532.8060000000005,,30379.007400000002,,,,104391.39,33019.14,174519.77599999998,1471.4702,,2075.375,7492.7557,480.0631,300.,,,,,,180.,,,,,,,,0,,,,,,,,,,,,,,,3.47,0.43,1.2,,,,,,,,,81,,,16.4,6886,133,981,,,123,1164,47.1,,,,0.38,,,6.67,143,12,79,8.39,0.5,,,,,0.057,0.04,0.708,0.024,,,0.103,52,7.43,17.9,2.31,10.2,2.5,0.86,2.68,0.4,2.33,0.439,1.14,0.149,0.925,0.132,1.89,0.533,0.133,,,,,,,0.018,0.614,0.011,0.853,0.217,,,,,,,,,,,,,,,,,,,,,,,,,662606,
[16975],OCEAN ISLAND,MASCARENE ISLANDS INCL. REUNION / REUNION / PITON DE LA FOURNAISE / INDIAN OCEAN,APRIL 2007 ERUPTION,-21.23,-21.23,55.75,55.75,SUBAERIAL,,,s 070408-1B [16975],OCEANITE [16975],,,,,7,4,2007,,VOLCANIC ROCK,,,,,WHOLE_ROCK [16975] ,200436.12800000003,6412.938,,30114.381900000004,,,,105013.23,32590.319999999996,176027.376,1471.4702,,2075.375,7344.3843,480.0631,300.,,,,,,190.,,,,,,,,0,,,,,,,,,,,,,,,3.33,0.4,1.15,,,,,,,,,88,,,16.1,6591,129,1090,,,123,1178,44.9,,,,0.32,,,6.35,137,11.5,76,7.95,0.5,,,,,0.06,0.041,0.678,0.024,,,0.101,50.5,7.12,17.1,2.23,9.78,2.43,0.82,2.58,0.388,2.25,0.421,1.11,0.147,0.903,0.126,1.83,0.514,0.177,0.000214,,,,,,0.018,0.586,0.009,0.836,0.211,,,,,,,,,,,,,,,,,,,,,,,,,662607,
