Citations,Tectonic Setting,Location,Location Comment,Latitude (Min),Latitude (Max),Longitude (Min),Longitude (Max),Land or Sea,Elevation (Min),Elevation (Max),Sample Name,Rock Name,"Age (a, Min)","Age (a, Max)",Geol,Age,Eruption Day,Eruption Month,Eruption Year,Rock Texture,Rock Type,Drill Depth (Min),Drill Depth (Max),Alteration,Mineral,Material,Si,Ti,B,Al,Cr,Fe3+,Fe2+,Fetot(2+),Ca,Mg,Mn,Ni,K,Na,P,H2O,H2OP,H2OM,H2Otot,CO2,CO,F,Cl,Cl2,OH,CH4,SO2,SO3,SO4,S,LOI,Volatiles,O,Others,HE(CCM/G),HE(CCMSTP/G),HE3(CCMSTP/G),HE3(AT/G),HE4(CCM/G),HE4(CCMSTP/G),HE4(AT/G),HE4(MOLE/G),HE4(NCC/G),HE(NCC/G),Li,Be,B,C,CO2,F,Na,Mg,Al,P,S,Cl,K,Ca,Sc,Ti,V,Cr,Mn,Fe,Co,Ni,Cu,Zn,Ga,Ge,As,Se,Br,Rb,Sr,Y,Zr,Nb,Mo,Ru,Rh,Pd,Ag,Cd,In,Sn,Sb,Te,I,Cs,Ba,La,Ce,Pr,Nd,Sm,Eu,Gd,Tb,Dy,Ho,Er,Tm,Yb,Lu,Hf,Ta,W,Re,Os,Ir,Pt,Au,Hg,Tl,Pb,Bi,Th,U,Nd143/Nd144,Nd143/Nd144 initial,e Nd,Sr87/Sr86,SR87_SR86_INI,PB206_PB204,PB206_PB204_INI,PB207_PB204,PB207_PB204_INI,PB208_PB204,PB208_PB204_INI,OS184_OS188,OS186_OS188,OS187_OS186,OS187_OS188,RE187_OS186,RE187_OS188,HF176_HF177,HE3_HE4,HE3_HE4(R/R(A)),HE4_HE3,HE4_HE3(R/R(A)),K40_AR40,AR40_K40,Unique Id,
[7150],ARCHEAN CRATON (INCLUDING GREENSTONE BELTS),ALDAN SHIELD - ARCHEAN / OLONDO GREENSTONE BELT / ANCIENT MAFIC-ULTRAMAFIC OLONDO ASSOCIATION,"OLEKMA RIVER NEAR THE TIREKH-MASTAKH RAPIDS, OLEKMA BLOCK",57.03,57.03,120.72,120.72,SUBAERIAL,,,s 86155 [7150],KOMATIITE [7150],3232000000 [7150],3230000000 [7150],,ARCHEAN [7150],,,,FINE-GRAINED [7150] ,VOLCANIC ROCK,,,,,WHOLE_ROCK [7150] ,226705.975,5573.862,,48320.61630000001,,,,84725.7,78617,109753.27999999998,2013.5908,,1826.33,5712.2989,392.77889999999996,,,,,,,,,,,,,,,,26100.,,,,,,,,,,,,,,,,,,,,,,,,,,,,,,240,2690,,,85,910,,,,,,,,2,12,14,64,,,,,,,,,,,,,,,,,,,,,,,,,,,,,,,,,,,,,,,,,,,,,,,,,,,,,,,,,,,,,,,,,,,180417,
[7150],ARCHEAN CRATON (INCLUDING GREENSTONE BELTS),ALDAN SHIELD - ARCHEAN / OLONDO GREENSTONE BELT / ANCIENT MAFIC-ULTRAMAFIC OLONDO ASSOCIATION,"OLEKMA RIVER NEAR THE TIREKH-MASTAKH RAPIDS, OLEKMA BLOCK",57.03,57.03,120.72,120.72,SUBAERIAL,,,s 86156 [7150],KOMATIITE [7150],3230000000 [7150],3230000000 [7150],,ARCHEAN [7150],,,,FINE-GRAINED [7150] ,VOLCANIC ROCK,,,,,WHOLE_ROCK [7150] ,221564.19,5573.862,,48373.5414,,,,98717.09999999999,69969.12999999999,114577.59999999999,1703.8076,,1660.3000000000002,2967.428,349.1368,,,,,,,,,,,,,,,,18700.,,,,,,,,,,,,,,,,,,,,,,,,,,,,,,230,2650,,,100,1020,,,,,,,,0,14,14,62,,,,,,,,,,,,,,,5,12.3,,7.84,2.25,0.678,2.68,,2.49,,1.31,,1.1,0.163,,,,,,,,,,,,,,,0.512091,,,,,,,,,,,,,,,,,,,,,,,,180418,
[7150],ARCHEAN CRATON (INCLUDING GREENSTONE BELTS),ALDAN SHIELD - ARCHEAN / OLONDO GREENSTONE BELT / ANCIENT MAFIC-ULTRAMAFIC OLONDO ASSOCIATION,"OLEKMA RIVER NEAR THE TIREKH-MASTAKH RAPIDS, OLEKMA BLOCK",57.03,57.03,120.72,120.72,SUBAERIAL,,,s 86157 [7150],KOMATIITE [7150],3230000000 [7150],3230000000 [7150],,ARCHEAN [7150],,,,FINE-GRAINED [7150] ,VOLCANIC ROCK,,,,,WHOLE_ROCK [7150] ,215954.97000000003,5873.531999999999,,50596.3956,,,,103380.90000000001,64037.12,118798.87999999999,2091.0366,,2241.405,5118.8133,305.4947,,,,,,,,,,,,,,,,33900.,,,,,,,,,,,,,,,,,,,,,,,,,,,,,,230,2630,,,100,1050,,,,,,,,0,14,15,70,,,,,,,,,,,,,,,,,,,,,,,,,,,,,,,,,,,,,,,,,,,,,,,,,,,,,,,,,,,,,,,,,,,180419,
[7150],ARCHEAN CRATON (INCLUDING GREENSTONE BELTS),ALDAN SHIELD - ARCHEAN / OLONDO GREENSTONE BELT / ANCIENT MAFIC-ULTRAMAFIC OLONDO ASSOCIATION,"OLEKMA RIVER NEAR THE TIREKH-MASTAKH RAPIDS, OLEKMA BLOCK",57.03,57.03,120.72,120.72,SUBAERIAL,,,s 8692 [7150],KOMATIITE [7150],3230000000 [7150],3230000000 [7150],,ARCHEAN [7150],,,,FINE-GRAINED [7150] ,VOLCANIC ROCK,,,,,WHOLE_ROCK [7150] ,229978.02000000002,3416.2379999999994,,34454.2401,,,,104935.5,65037.7,124226.24,1781.2534,,332.06,741.857,654.6315,,,,,,,,,,,,,,,,17400.,,,,,,,,,,,,,,,,,,,,,,,,,,,,,,120,2240,,,140,1120,,,,,,,,0,15,18,31,,,,,,,,,,,,,,,1.82,5.89,,5.18,1.73,0.504,2.21,,2.47,,1.48,,1.35,,,,,,,,,,,,,,,,0.512475,,,,,,,,,,,,,,,,,,,,,,,,180420,
[7150],ARCHEAN CRATON (INCLUDING GREENSTONE BELTS),ALDAN SHIELD - ARCHEAN / OLONDO GREENSTONE BELT / ANCIENT MAFIC-ULTRAMAFIC OLONDO ASSOCIATION,"OLEKMA RIVER NEAR THE TIREKH-MASTAKH RAPIDS, OLEKMA BLOCK",57.03,57.03,120.72,120.72,SUBAERIAL,,,s 8694 [7150],KOMATIITE [7150],3230000000 [7150],3230000000 [7150],,ARCHEAN [7150],,,,FINE-GRAINED [7150] ,VOLCANIC ROCK,,,,,WHOLE_ROCK [7150] ,229978.02000000002,3416.2379999999994,,35989.068,,,,103380.90000000001,64680.350000000006,124226.24,1703.8076,,249.045,519.2999,698.2736,,,,,,,,,,,,,,,,17900.,,,,,,,,,,,,,,,,,,,,,,,,,,,,,,200,1880,,,115,1060,,,,,,,,2,24,12,30,,,,,,,,,,,,,,,1.85,5.55,,4.68,1.46,0.407,1.94,,2.14,,1.26,,1.18,0.176,,,,,,,,,,,,,,,0.51254,,,,,,,,,,,,,,,,,,,,,,,,180421,
[7150],ARCHEAN CRATON (INCLUDING GREENSTONE BELTS),ALDAN SHIELD - ARCHEAN / OLONDO GREENSTONE BELT / ANCIENT MAFIC-ULTRAMAFIC OLONDO ASSOCIATION,"OLEKMA RIVER NEAR THE TIREKH-MASTAKH RAPIDS, OLEKMA BLOCK",57.03,57.03,120.72,120.72,SUBAERIAL,,,s 8697 [7150],KOMATIITE [7150],3230000000 [7150],3230000000 [7150],,ARCHEAN [7150],,,,FINE-GRAINED [7150] ,VOLCANIC ROCK,,,,,WHOLE_ROCK [7150] ,221564.19,3356.304,,39005.7987,,,,104158.2,58319.520000000004,132065.75999999998,2478.2656,,581.105,5118.8133,654.6315,,,,,,,,,,,,,,,,27400.000000000004,,,,,,,,,,,,,,,,,,,,,,,,,,,,,,160,2150,,,100,1130,,,,,,,,2,17,11,32,,,,,,,,,,,,,,,1.41,4.36,,3.92,1.34,0.374,1.74,,1.95,,1.18,,1.09,0.165,,,,,,,,,,,,,,,0.512946,,,,,,,,,,,,,,,,,,,,,,,,180422,
[7150],ARCHEAN CRATON (INCLUDING GREENSTONE BELTS),ALDAN SHIELD - ARCHEAN / OLONDO GREENSTONE BELT / ANCIENT MAFIC-ULTRAMAFIC OLONDO ASSOCIATION,"OLEKMA RIVER NEAR THE TIREKH-MASTAKH RAPIDS, OLEKMA BLOCK",57.03,57.03,120.72,120.72,SUBAERIAL,,,s 8698 [7150],KOMATIITE [7150],3230000000 [7150],3230000000 [7150],,ARCHEAN [7150],,,,OLIVINE CUMULATE [7150] ,VOLCANIC ROCK,,,,,WHOLE_ROCK [7150] ,208476.01,2397.36,,29796.8313,,,,101049,52887.8,169454.24,2323.374,,166.03,3709.285,130.9263,,,,,,,,,,,,,,,,72600.,,,,,,,,,,,,,,,,,,,,,,,,,,,,,,120,2515,,,120,1680,,,,,,,,0,30,9,23,,,,,,,,,,,,,,,2.68,2.51,,0.877,0.163,1.18,1.35,,0.822,,0.778,,,,,,,,,,,,,,,,,,,,,,,,,,,,,,,,,,,,,,,,,,180423,
[7150],ARCHEAN CRATON (INCLUDING GREENSTONE BELTS),ALDAN SHIELD - ARCHEAN / OLONDO GREENSTONE BELT / ANCIENT MAFIC-ULTRAMAFIC OLONDO ASSOCIATION,"OLEKMA RIVER NEAR THE TIREKH-MASTAKH RAPIDS, OLEKMA BLOCK",57.03,57.03,120.72,120.72,SUBAERIAL,,,s 8699 [7150],KOMATIITE [7150],3230000000 [7150],3230000000 [7150],,ARCHEAN [7150],,,,OLIVINE CUMULATE [7150] ,VOLCANIC ROCK,,,,,WHOLE_ROCK [7150] ,212215.49000000002,2517.2279999999996,,30696.558,,,,102603.59999999999,54031.32,162820.8,2478.2656,,249.045,1632.0854,218.21050000000002,,,,,,,,,,,,,,,,73900.,,,,,,,,,,,,,,,,,,,,,,,,,,,,,,120,2630,,,120,1620,,,,,,,,0,25,7,22,,,,,,,,,,,,,,,0.884,2.78,,2.6,0.877,0.173,1.23,,1.4,,0.851,,0.798,,,,,,,,,,,,,,,,0.512909,,,,,,,,,,,,,,,,,,,,,,,,180424,
[7150],ARCHEAN CRATON (INCLUDING GREENSTONE BELTS),ALDAN SHIELD - ARCHEAN / OLONDO GREENSTONE BELT / ANCIENT MAFIC-ULTRAMAFIC OLONDO ASSOCIATION,"OLEKMA RIVER NEAR THE TIREKH-MASTAKH RAPIDS, OLEKMA BLOCK",57.03,57.03,120.72,120.72,SUBAERIAL,,,s 86100 [7150],KOMATIITE [7150],3230000000 [7150],3230000000 [7150],,ARCHEAN [7150],,,,CUMULATE [7150] ,VOLCANIC ROCK,,,,,WHOLE_ROCK [7150] ,229510.58500000002,2397.36,,29479.280700000003,,,,99494.40000000001,39022.62,158599.52,2323.374,,332.06,1483.714,174.5684,,,,,,,,,,,,,,,,32200.000000000004,,,,,,,,,,,,,,,,,,,,,,,,,,,,,,120,2730,,,110,1580,,,,,,,,0,15,8,21,,,,,,,,,,,,,,,,,,,,,,,,,,,,,,,,,,,,,,,,,,,,,,,,,,,,,,,,,,,,,,,,,,,180425,
[7150],ARCHEAN CRATON (INCLUDING GREENSTONE BELTS),ALDAN SHIELD - ARCHEAN / OLONDO GREENSTONE BELT / ANCIENT MAFIC-ULTRAMAFIC OLONDO ASSOCIATION,"OLEKMA RIVER NEAR THE TIREKH-MASTAKH RAPIDS, OLEKMA BLOCK",57.03,57.03,120.72,120.72,SUBAERIAL,,,s 86101 [7150],KOMATIITE [7150],3230000000 [7150],3230000000 [7150],,ARCHEAN [7150],,,,FINE-GRAINED [7150] ,VOLCANIC ROCK,,,,,WHOLE_ROCK [7150] ,229978.02000000002,2637.096,,31755.06,,,,97939.8,52316.04,148347.84,2245.9282,,415.07500000000005,1928.8282,174.5684,,,,,,,,,,,,,,,,29600.,,,,,,,,,,,,,,,,,,,,,,,,,,,,,,130,3010,,,100,1445,,,,,,,,1,23,9,24,,,,,,,,,,,,,,,0.958,3.11,,2.96,1.03,0.22,1.33,,1.52,,0.901,,0.828,0.124,,,,,,,,,,,,,,,0.51292,,,,,,,,,,,,,,,,,,,,,,,,180426,
[7150],ARCHEAN CRATON (INCLUDING GREENSTONE BELTS),ALDAN SHIELD - ARCHEAN / OLONDO GREENSTONE BELT / ANCIENT MAFIC-ULTRAMAFIC OLONDO ASSOCIATION,"OLEKMA RIVER NEAR THE TIREKH-MASTAKH RAPIDS, OLEKMA BLOCK",57.03,57.03,120.72,120.72,SUBAERIAL,,,s 86102 [7150],KOMATIITE [7150],3230000000 [7150],3230000000 [7150],,ARCHEAN [7150],,,,,VOLCANIC ROCK,,,,,WHOLE_ROCK [7150] ,228108.28,2517.2279999999996,,30167.307,,,,97939.8,45169.04,153775.19999999998,2323.374,,249.045,2225.571,218.21050000000002,,,,,,,,,,,,,,,,34100.,,,,,,,,,,,,,,,,,,,,,,,,,,,,,,115,2950,,,100,1450,,,,,,,,1,19,8,22,,,,,,,,,,,,,,,3,2.87,,0.988,0.252,1.29,1.46,,0.87,,0.809,,,,,,,,,,,,,,,,,,,,,,,,,,,,,,,,,,,,,,,,,,180427,
[7150],ARCHEAN CRATON (INCLUDING GREENSTONE BELTS),ALDAN SHIELD - ARCHEAN / OLONDO GREENSTONE BELT / ANCIENT MAFIC-ULTRAMAFIC OLONDO ASSOCIATION,"OLEKMA RIVER NEAR THE TIREKH-MASTAKH RAPIDS, OLEKMA BLOCK",57.03,57.03,120.72,120.72,SUBAERIAL,,,s 86215 [7150],KOMATIITE [7150],3230000000 [7150],3230000000 [7150],,ARCHEAN [7150],,,,FINE-GRAINED [7150] ,VOLCANIC ROCK,,,,,WHOLE_ROCK [7150] ,224836.23500000002,3296.37,,32654.7867,,,,107267.40000000001,60177.74,132065.75999999998,1548.9160000000002,,498.09,4970.4419,567.3473,,,,,,,,,,,,,,,,18900.,,,,,,,,,,,,,,,,,,,,,,,,,,,,,,155,2390,,,110,1220,,,,,,,,3,22,12,30,,,,,,,,,,,,,,,3.44,3.42,,3.51,1.27,1.65,1.87,,1.12,,1.05,,,,,,,,,,,,,,,,,,0.513027,,,,,,,,,,,,,,,,,,,,,,,,180428,
[7150],ARCHEAN CRATON (INCLUDING GREENSTONE BELTS),ALDAN SHIELD - ARCHEAN / OLONDO GREENSTONE BELT / ANCIENT MAFIC-ULTRAMAFIC OLONDO ASSOCIATION,"OLEKMA RIVER NEAR THE TIREKH-MASTAKH RAPIDS, OLEKMA BLOCK",57.03,57.03,120.72,120.72,SUBAERIAL,,,s 86104 [7150],BASALT [7150],3230000000 [7150],3230000000 [7150],,ARCHEAN [7150],,,,,VOLCANIC ROCK,,,,,WHOLE_ROCK [7150] ,217824.71000000002,5693.73,,64568.621999999996,,,,103380.90000000001,81475.8,76586.07999999999,2245.9282,,10376.875,8902.284,436.42100000000005,,,,,,,,,,,,,,,,20600.,,,,,,,,,,,,,,,,,,,,,,,,,,,,,,320,890,,,70,350,,,,,,,,65,80,20,50,,,,,,,,,,,,,,,7.68,6.65,,6.66,2.2,2.87,3.18,,1.89,,1.73,,,,,,,,,,,,,,,,,,0.512799,,,,,,,,,,,,,,,,,,,,,,,,180429,
[7150],ARCHEAN CRATON (INCLUDING GREENSTONE BELTS),ALDAN SHIELD - ARCHEAN / OLONDO GREENSTONE BELT / ANCIENT MAFIC-ULTRAMAFIC OLONDO ASSOCIATION,"OLEKMA RIVER NEAR THE TIREKH-MASTAKH RAPIDS, OLEKMA BLOCK",57.03,57.03,120.72,120.72,SUBAERIAL,,,s 86165 [7150],KOMATIITE [7150],3230000000 [7150],3230000000 [7150],,ARCHEAN [7150],,,,OLIVINE CUMULATE [7150] ,VOLCANIC ROCK,,,,,WHOLE_ROCK [7150] ,221564.19,1558.2839999999999,,29320.505400000002,,,,74776.26,41023.78,186339.36,2865.4946,,166.03,890.2284,130.9263,,,,,,,,,,,,,,,,70900.,,,,,,,,,,,,,,,,,,,,,,,,,,,,,,100,2280,,,140,1820,,,,,,,,0,6,6,14,,,,,,,,,,,,,,,,,,,,,,,,,,,,,,,,,,,,,,,,,,,,,,,,,,,,,,,,,,,,,,,,,,,180430,
[7150],ARCHEAN CRATON (INCLUDING GREENSTONE BELTS),ALDAN SHIELD - ARCHEAN / OLONDO GREENSTONE BELT / ANCIENT MAFIC-ULTRAMAFIC OLONDO ASSOCIATION,"OLEKMA RIVER NEAR THE TIREKH-MASTAKH RAPIDS, OLEKMA BLOCK",57.03,57.03,120.72,120.72,SUBAERIAL,,,s 86171 [7150],KOMATIITE [7150],3230000000 [7150],3230000000 [7150],,ARCHEAN [7150],,,,OLIVINE CUMULATE [7150] ,VOLCANIC ROCK,,,,,WHOLE_ROCK [7150] ,226705.975,2397.36,,43821.9828,,,,84725.7,73614.1,127844.47999999998,1394.0244,,996.18,370.9285,305.4947,,,,,,,,,,,,,,,,30099.999999999996,,,,,,,,,,,,,,,,,,,,,,,,,,,,,,150,2380,,,80,1130,,,,,,,,1,18,10,22,,,,,,,,,,,,,,,0.771,1.93,,1.73,0.734,0.212,1.06,,1.37,,0.894,,0.883,,,,,,,,,,,,,,,,,,,,,,,,,,,,,,,,,,,,,,,,180431,
[7150],ARCHEAN CRATON (INCLUDING GREENSTONE BELTS),ALDAN SHIELD - ARCHEAN / OLONDO GREENSTONE BELT / ANCIENT MAFIC-ULTRAMAFIC OLONDO ASSOCIATION,"OLEKMA RIVER NEAR THE TIREKH-MASTAKH RAPIDS, OLEKMA BLOCK",57.03,57.03,120.72,120.72,SUBAERIAL,,,s 86188 [7150],KOMATIITE [7150],3230000000 [7150],3230000000 [7150],,ARCHEAN [7150],,,,"OLIVINE CUMULATE, COARSER-GRAINED [7150] ",VOLCANIC ROCK,,,,,WHOLE_ROCK [7150] ,224368.80000000002,2637.096,,46521.162899999996,,,,83171.09999999999,77902.3,120608.,1936.145,,581.105,6009.0417,218.21050000000002,,,,,,,,,,,,,,,,28200.,,,,,,,,,,,,,,,,,,,,,,,,,,,,,,150,2140,,,75,980,,,,,,,,1,9,10,24,,,,,,,,,,,,,,,,2.55,,2.39,0.956,0.241,1.36,,1.66,,1.02,,0.946,,,,,,,,,,,,,,,,0.51341,,,,,,,,,,,,,,,,,,,,,,,,180432,
[7150],ARCHEAN CRATON (INCLUDING GREENSTONE BELTS),ALDAN SHIELD - ARCHEAN / OLONDO GREENSTONE BELT / ANCIENT MAFIC-ULTRAMAFIC OLONDO ASSOCIATION,"OLEKMA RIVER NEAR THE TIREKH-MASTAKH RAPIDS, OLEKMA BLOCK",57.03,57.03,120.72,120.72,SUBAERIAL,,,s 86195 [7150],KOMATIITE [7150],3230000000 [7150],3230000000 [7150],,ARCHEAN [7150],,,,,VOLCANIC ROCK,,,,,WHOLE_ROCK [7150] ,229043.15000000002,2517.2279999999996,,43451.50710000001,,,,76874.97,81475.8,123623.2,1781.2534,,83.015,2522.3138,174.5684,,,,,,,,,,,,,,,,21800.,,,,,,,,,,,,,,,,,,,,,,,,,,,,,,145,2180,,,75,1040,,,,,,,,0,5,9,23,,,,,,,,,,,,,,,0.841,2.37,,2.29,0.865,0.219,1.27,,1.53,,0.935,,0.884,,,,,,,,,,,,,,,,0.51335221,,,,,,,,,,,,,,,,,,,,,,,,180433,
[7150],ARCHEAN CRATON (INCLUDING GREENSTONE BELTS),ALDAN SHIELD - ARCHEAN / OLONDO GREENSTONE BELT / ANCIENT MAFIC-ULTRAMAFIC OLONDO ASSOCIATION,"OLEKMA RIVER NEAR THE TIREKH-MASTAKH RAPIDS, OLEKMA BLOCK",57.03,57.03,120.72,120.72,SUBAERIAL,,,s 86198 [7150],KOMATIITE [7150],3230000000 [7150],3230000000 [7150],,ARCHEAN [7150],,,,,VOLCANIC ROCK,,,,,WHOLE_ROCK [7150] ,229510.58500000002,2697.0299999999997,,46044.837,,,,81616.5,86478.7,108547.2,1471.4702,,996.18,5563.9275,392.77889999999996,,,,,,,,,,,,,,,,11299.999999999998,,,,,,,,,,,,,,,,,,,,,,,,,,,,,,165,1810,,,70,890,,,,,,,,0,9,10,24,,,,,,,,,,,,,,,1.05,2.83,,2.54,0.942,0.286,1.33,,1.62,,1.01,,0.983,,,,,,,,,,,,,,,,0.513241,,,,,,,,,,,,,,,,,,,,,,,,180434,
[7150],ARCHEAN CRATON (INCLUDING GREENSTONE BELTS),ALDAN SHIELD - ARCHEAN / OLONDO GREENSTONE BELT / ANCIENT MAFIC-ULTRAMAFIC OLONDO ASSOCIATION,"OLEKMA RIVER NEAR THE TIREKH-MASTAKH RAPIDS, OLEKMA BLOCK",57.03,57.03,120.72,120.72,SUBAERIAL,,,s 8679 [7150],BASALT [7150],2873000000 [7150],2870000000 [7150],,ARCHEAN [7150],,,,MEDIUM-GRAINED [7150] ,VOLCANIC ROCK,,,,,WHOLE_ROCK [7150] ,240729.02500000002,6952.343999999999,,78329.148,,,,102603.59999999999,75758.2,33890.848,1471.4702,,3984.72,16469.2254,960.1262,,,,,,,,,,,,,,,,11600.,,,,,,,,,,,,,,,,,,,,,,,,,,,,,,290,75,,,54,85,,,,,,,,17,139,26,72,,,,,,,,,,,,,,,,,,10.8,3.44,,,,,,,,,,,,,,,,,,,,,,,,0.51266422,,,,,,,,,,,,,,,,,,,,,,,,180435,
[7150],ARCHEAN CRATON (INCLUDING GREENSTONE BELTS),ALDAN SHIELD - ARCHEAN / OLONDO GREENSTONE BELT / ANCIENT MAFIC-ULTRAMAFIC OLONDO ASSOCIATION,"OLEKMA RIVER NEAR THE TIREKH-MASTAKH RAPIDS, OLEKMA BLOCK",57.03,57.03,120.72,120.72,SUBAERIAL,,,s 8676 [7150],BASALT [7150],2870000000 [7150],2870000000 [7150],,ARCHEAN [7150],,,,FINE-GRAINED GRANOBLASTIC [7150] ,VOLCANIC ROCK,,,,,WHOLE_ROCK [7150] ,246338.24500000002,5633.795999999999,,72507.387,,,,100271.7,74328.8,41308.24,1471.4702,,5645.02,10831.1122,785.5577999999999,,,,,,,,,,,,,,,,13700.000000000002,,,,,,,,,,,,,,,,,,,,,,,,,,,,,,265,200,,,60,145,,,,,,,,31,119,21,57,,,,,,,,,,,,,,,,8.07,,6.66,2.27,0.816,3.05,,3.58,,2.23,,2.15,0.497,,,,,,,,,,,,,,,,,,,,,,,,,,,,,,,,,,,,,,,180436,
[7150],ARCHEAN CRATON (INCLUDING GREENSTONE BELTS),ALDAN SHIELD - ARCHEAN / OLONDO GREENSTONE BELT / ANCIENT MAFIC-ULTRAMAFIC OLONDO ASSOCIATION,"OLEKMA RIVER NEAR THE TIREKH-MASTAKH RAPIDS, OLEKMA BLOCK",57.03,57.03,120.72,120.72,SUBAERIAL,,,s 86105 [7150],BASALT [7150],2870000000 [7150],2870000000 [7150],,ARCHEAN [7150],,,,MEDIUM-GRAINED [7150] ,VOLCANIC ROCK,,,,,WHOLE_ROCK [7150] ,257089.25000000003,4854.654,,65097.87300000001,,,,94053.3,83619.9,38051.82399999999,1548.9160000000002,,3071.555,7492.7557,1003.7683000000001,,,,,,,,,,,,,,,,12400.,,,,,,,,,,,,,,,,,,,,,,,,,,,,,,225,490,,,55,135,,,,,,,,11,139,19,41,,,,,,,,,,,,,,,,,,,,,,,,,,,,,,,,,,,,,,,,,,,,,,,,,,,,,,,,,,,,,,,,,,,180437,
[7150],ARCHEAN CRATON (INCLUDING GREENSTONE BELTS),ALDAN SHIELD - ARCHEAN / OLONDO GREENSTONE BELT / ANCIENT MAFIC-ULTRAMAFIC OLONDO ASSOCIATION,"OLEKMA RIVER NEAR THE TIREKH-MASTAKH RAPIDS, OLEKMA BLOCK",57.03,57.03,120.72,120.72,SUBAERIAL,,,s 86181 [7150],BASALT [7150],2870000000 [7150],2870000000 [7150],,ARCHEAN [7150],,,,,VOLCANIC ROCK,,,,,WHOLE_ROCK [7150] ,237456.98,4135.445999999999,,76212.144,,,,88612.2,86478.7,50293.53599999999,1471.4702,,1577.285,12611.569,829.1999000000001,,,,,,,,,,,,,,,,20400.,,,,,,,,,,,,,,,,,,,,,,,,,,,,,,255,395,,,50,140,,,,,,,,3,56,17,37,,,,,,,,,,,,,,,,,,3.41,1.37,,,,,,,,,,,,,,,,,,,,,,,,0.513605,,,,,,,,,,,,,,,,,,,,,,,,180438,
[7150],ARCHEAN CRATON (INCLUDING GREENSTONE BELTS),ALDAN SHIELD - ARCHEAN / OLONDO GREENSTONE BELT / ANCIENT MAFIC-ULTRAMAFIC OLONDO ASSOCIATION,"OLEKMA RIVER NEAR THE TIREKH-MASTAKH RAPIDS, OLEKMA BLOCK",57.03,57.03,120.72,120.72,SUBAERIAL,,,s 86191 [7150],BASALT [7150],2870000000 [7150],2870000000 [7150],,ARCHEAN [7150],,,,,VOLCANIC ROCK,,,,,WHOLE_ROCK [7150] ,241196.46000000002,5334.126,,75153.64199999999,,,,100271.7,72899.4,43298.272,1471.4702,,1743.3149999999998,18027.1251,872.8420000000001,,,,,,,,,,,,,,,,9200.,,,,,,,,,,,,,,,,,,,,,,,,,,,,,,290,175,,,55,115,,,,,,,,4,121,22,52,,,,,,,,,,,,,,,,,,,,,,,,,,,,,,,,,,,,,,,,,,,,,,,,,,,,,,,,,,,,,,,,,,,180439,
[7150],ARCHEAN CRATON (INCLUDING GREENSTONE BELTS),ALDAN SHIELD - ARCHEAN / OLONDO GREENSTONE BELT / ANCIENT MAFIC-ULTRAMAFIC OLONDO ASSOCIATION,"OLEKMA RIVER NEAR THE TIREKH-MASTAKH RAPIDS, OLEKMA BLOCK",57.03,57.03,120.72,120.72,SUBAERIAL,,,s 86196 [7150],BASALT [7150],2870000000 [7150],2870000000 [7150],,ARCHEAN [7150],,,,,VOLCANIC ROCK,,,,,WHOLE_ROCK [7150] ,224368.80000000002,4015.578,,66685.626,,,,96385.2,97913.9,65731.36,1471.4702,,1909.345,7937.869900000001,1047.4104,,,,,,,,,,,,,,,,8900.,,,,,,,,,,,,,,,,,,,,,,,,,,,,,,205,945,,,60,260,,,,,,,,8,72,17,36,,,,,,,,,,,,,,,,,,,,,,,,,,,,,,,,,,,,,,,,,,,,,,,,,,,,,,,,,,,,,,,,,,,180440,
[7150],ARCHEAN CRATON (INCLUDING GREENSTONE BELTS),ALDAN SHIELD - ARCHEAN / OLONDO GREENSTONE BELT / ANCIENT MAFIC-ULTRAMAFIC OLONDO ASSOCIATION,"OLEKMA RIVER NEAR THE TIREKH-MASTAKH RAPIDS, OLEKMA BLOCK",57.03,57.03,120.72,120.72,SUBAERIAL,,,s 86197 [7150],BASALT [7150],2870000000 [7150],2870000000 [7150],,ARCHEAN [7150],,,,,VOLCANIC ROCK,,,,,WHOLE_ROCK [7150] ,232315.19500000004,4495.049999999999,,71978.136,,,,92498.7,85764,59700.96,1316.5786,,2407.435,10831.1122,1003.7683000000001,,,,,,,,,,,,,,,,11299.999999999998,,,,,,,,,,,,,,,,,,,,,,,,,,,,,,250,785,,,60,140,,,,,,,,7,110,17,41,,,,,,,,,,,,,,,,,,,,,,,,,,,,,,,,,,,,,,,,,,,,,,,,,,,,,,,,,,,,,,,,,,,180441,
[7150],ARCHEAN CRATON (INCLUDING GREENSTONE BELTS),ALDAN SHIELD - ARCHEAN / OLONDO GREENSTONE BELT / ANCIENT MAFIC-ULTRAMAFIC OLONDO ASSOCIATION,"OLEKMA RIVER NEAR THE TIREKH-MASTAKH RAPIDS, OLEKMA BLOCK",57.03,57.03,120.72,120.72,SUBAERIAL,,,s 8731/1 [7150],BASALT [7150],2870000000 [7150],2870000000 [7150],,ARCHEAN [7150],,,,,VOLCANIC ROCK,,,,,WHOLE_ROCK [7150] ,230912.89,5453.994,,78858.399,,,,89389.5,79331.7,49630.192,1394.0244,,11456.07,16098.2969,1003.7683000000001,,,,,,,,,,,,,,,,7200.,,,,,,,,,,,,,,,,,,,,,,,,,,,,,,250,315,,,50,130,,,,,,,,39,82,20,50,,,,,,,,,,,,,,,,,,7.09,2.33,,,,,,,,,,,,,,,,,,,,,,,,0.51277421,,,,,,,,,,,,,,,,,,,,,,,,180442,
[7150],ARCHEAN CRATON (INCLUDING GREENSTONE BELTS),ALDAN SHIELD - ARCHEAN / OLONDO GREENSTONE BELT / ANCIENT MAFIC-ULTRAMAFIC OLONDO ASSOCIATION,"OLEKMA RIVER NEAR THE TIREKH-MASTAKH RAPIDS, OLEKMA BLOCK",57.03,57.03,120.72,120.72,SUBAERIAL,,,s 8734/1 [7150],BASALT [7150],2870000000 [7150],2870000000 [7150],,ARCHEAN [7150],,,,,VOLCANIC ROCK,,,,,WHOLE_ROCK [7150] ,249142.855,6053.334,,74624.391,,,,90944.09999999999,82190.5,37267.871999999996,1471.4702,,4648.84,8976.4697,1091.0525,,,,,,,,,,,,,,,,7900.,,,,,,,,,,,,,,,,,,,,,,,,,,,,,,315,205,,,65,150,,,,,,,,27,126,21,52,,,,,,,,,,,,,,,,,,6.14,2.16,,,,,,,,,,,,,,,,,,,,,,,,0.513095,,,,,,,,,,,,,,,,,,,,,,,,180443,
[6004],ARCHEAN CRATON (INCLUDING GREENSTONE BELTS),ALDAN SHIELD - ARCHEAN / OLONDO GREENSTONE BELT / ANCIENT MAFIC-ULTRAMAFIC OLONDO ASSOCIATION,"OLEKMA RIVER NEAR THE TIREKH-MASTAKH RAPIDS, OLEKMA BLOCK",57.03,57.03,120.72,120.72,SUBAERIAL,,,s 85140 [6004],BASALT [6004],,,,ARCHEAN [6004],,,,,VOLCANIC ROCK,,,,,WHOLE_ROCK [6004] ,223153.46900000004,4255.313999999999,,79334.7249,,27976,43684.26,,91696.01,65128.32,1626.3618,,83.015,9940.8838,130.9263,,,,,,,,,,,,,,,,12600.,,,,,,,,,,,,,,,,,,,,,,,,,,,,,,,,,,,,,,,,,,,3,95,12,56,7,,,,,,,,,,,,,105,,,,2.688,0.9877,,,,,,,,,,,,,,,,,,,,,,,,0.513251,,,,,,,,,,,,,,,,,,,,,,,,180448,
[6004],ARCHEAN CRATON (INCLUDING GREENSTONE BELTS),ALDAN SHIELD - ARCHEAN / OLONDO GREENSTONE BELT / ANCIENT MAFIC-ULTRAMAFIC OLONDO ASSOCIATION,"OLEKMA RIVER NEAR THE TIREKH-MASTAKH RAPIDS, OLEKMA BLOCK",57.03,57.03,120.72,120.72,SUBAERIAL,,,s 86226 [6004],BASALT [6004],,,,ARCHEAN [6004],,,,,VOLCANIC ROCK,,,,,WHOLE_ROCK [6004] ,223854.6215,4495.049999999999,,75577.0428,,,,96929.31000000001,79831.99,58494.87999999999,1394.0244,,2490.45,14837.14,130.9263,,,,,,,,,,,,,,,,3600.,,,,,,,,,,,,,,,,,,,,,,,,,,,,,,,,,,,,,,,,,,,2,105,15,40,15,,,,,,,,,,,,,110,,,,3.353,1.283,,,,,,,,,,,,,,,,,,,,,,,,0.513422,,,,,,,,,,,,,,,,,,,,,,,,180449,
[6004],ARCHEAN CRATON (INCLUDING GREENSTONE BELTS),ALDAN SHIELD - ARCHEAN / OLONDO GREENSTONE BELT / ANCIENT MAFIC-ULTRAMAFIC OLONDO ASSOCIATION,"OLEKMA RIVER NEAR THE TIREKH-MASTAKH RAPIDS, OLEKMA BLOCK",57.03,57.03,120.72,120.72,SUBAERIAL,,,s 8579 [6004],PICRITE [6004],,,,ARCHEAN [6004],,,,,VOLCANIC ROCK,,,,,WHOLE_ROCK [6004] ,209317.393,10308.648,,46362.3876,,20492.420000000002,60007.56,,80046.4,106677.776,1626.3618,,830.1500000000001,3709.285,741.9157,,,,,,,,,,,,,,,,36200.,,,,,,,,,,,,,,,,,,,,,,,,,,,,,,200,1260,,,120,400,,,,,,,,1,95,15,160,30,,,,,,,,,,,,,145,40.5,74.4,,32.29,5.56,1.63,,,2.91,,1.29,,0.991,0.142,,,,,,,,,,,,,,,0.511352,,,,,,,,,,,,,,,,,,,,,,,,180450,
[6004],ARCHEAN CRATON (INCLUDING GREENSTONE BELTS),ALDAN SHIELD - ARCHEAN / OLONDO GREENSTONE BELT / ANCIENT MAFIC-ULTRAMAFIC OLONDO ASSOCIATION,"OLEKMA RIVER NEAR THE TIREKH-MASTAKH RAPIDS, OLEKMA BLOCK",57.03,57.03,120.72,120.72,SUBAERIAL,,,s 86232/10 [6004],PICRITE [6004],,,,ARCHEAN [6004],,,,,VOLCANIC ROCK,,,,,WHOLE_ROCK [6004] ,209504.36700000003,12526.205999999998,,30590.707800000004,,,,106567.83,80618.15999999999,105351.08799999999,1626.3618,,830.1500000000001,2893.2423,1527.4734999999998,,,,,,,,,,,,,,,,24200.,,,,,,,,,,,,,,,,,,,,,,,,,,,,,,,,,,,,,,,,,,,1,90,15,165,30,,,,,,,,,,,,,105,,,,36.69,6.573,,,,,,,,,,,,,,,,,,,,,,,,0.511448,,,,,,,,,,,,,,,,,,,,,,,,180451,
[6004],ARCHEAN CRATON (INCLUDING GREENSTONE BELTS),ALDAN SHIELD - ARCHEAN / OLONDO GREENSTONE BELT / ANCIENT MAFIC-ULTRAMAFIC OLONDO ASSOCIATION,"OLEKMA RIVER NEAR THE TIREKH-MASTAKH RAPIDS, OLEKMA BLOCK",57.03,57.03,120.72,120.72,SUBAERIAL,,,s 86228/18 [6004],KOMATIITE [6004],,,,ARCHEAN [6004],,,,,VOLCANIC ROCK,,,,,WHOLE_ROCK [6004] ,221050.01150000002,1738.0859999999998,,31172.8839,,,,75242.64,44382.87,145031.12,1239.1328,,166.03,1632.0854,436.42100000000005,,,,,,,,,,,,,,,,53700.,,,,,,,,,,,,,,,,,,,,,,,,,,,,,,,,,,,,,,,,,,,1,70,8,24,0,,,,,,,,,,,,,80,0.362,1.12,,0.998,0.369,0.0902,0.577,,0.795,,0.541,,0.537,0.0841,,,,,,,,,,,,,,,0.513128,,,,,,,,,,,,,,,,,,,,,,,,180455,
[6004],ARCHEAN CRATON (INCLUDING GREENSTONE BELTS),ALDAN SHIELD - ARCHEAN / OLEKMA GNEISS-MIGMATITE COMPLEX / OLONDO GREENSTONE BELT,OLEKMA RIVER NEAR KHADAR,57,57,120,121,SUBAERIAL,,,s 86205 [6004],"PLAGIOGNEISS, AMPHIBOLE-BIOTITE [6004]",,,,ARCHEAN [6004],,,,,METAMORPHIC ROCK,,,,,WHOLE_ROCK [6004] ,302991.36699999997,3955.644,,89231.71860000001,,,,32335.68,42024.36,15256.911999999998,1006.7954,,10127.83,22775.009899999997,698.2736,,,,,,,,,,,,,,,,600.,,,,,,,,,,,,,,,,,,,,,,,,,,,,,,,,,,,,,,,,,,,44,135,19,155,21,,,,,,,,,,,,,260,,,,11.18,2.641,,,,,,,,,,,,,,,,,,,,,,,,0.511522,,,,,,,,,,,,,,,,,,,,,,,,180456,
[6004],ARCHEAN CRATON (INCLUDING GREENSTONE BELTS),ALDAN SHIELD - ARCHEAN / OLEKMA GNEISS-MIGMATITE COMPLEX / OLONDO GREENSTONE BELT,OLEKMA RIVER NEAR KHADAR,57,57,120,121,SUBAERIAL,,,s 86214 [6004],"PLAGIOGNEISS, AMPHIBOLE-BIOTITE [6004]",,,,ARCHEAN [6004],,,,,METAMORPHIC ROCK,,,,,WHOLE_ROCK [6004] ,313648.885,2876.832,,86162.06280000001,,3566.94,21686.670000000002,,21155.12,9286.815999999999,425.9519,,14195.565,38724.935399999995,523.7052,,,,,,,,,,,,,,,,8700.,,,,,,,,,,,,,,,,,,,,,,,,,,,,,,65,5,,,5,10,,,,,,,,64,170,35,234,37,,,,,,,,,,,,,617,,,,56.65,10.77,,,,,,,,,,,,,,,,,,,,,,,,0.510929,,,,,,,,,,,,,,,,,,,,,,,,180457,
[7221],ARCHEAN CRATON (INCLUDING GREENSTONE BELTS),ALDAN SHIELD - ARCHEAN / OLONDO GREENSTONE BELT / EASTERN KOMATIITIC METABASALTS,KOMATIITOVYI CREEK VALLEY,57.03,57.03,120.72,120.72,SUBAERIAL,,,s 110/2 [7221],"BASALT, KOMATIITIC [7221]",,,,ARCHEAN [7221],,,,,VOLCANIC ROCK,,,,,WHOLE_ROCK [7221] ,231847.76000000004,4554.9839999999995,,43186.8816,,,,98717.09999999999,89337.5,90456.,1626.3618,,1162.21,5118.8133,1047.4104,,,,,,,,,,,,,,,,32000.,,,,,,,,,,,,,,,,,,,,,,,,,,,,,,181,1540,,,72,485,,,,,,,,1,30,14,45,2.7,,,,,,,,,,,,,,,,,,,,,,,,,,,,,,,,,,,,,,,,,,,,,,,,,,,,,,,,,,,,,,,,,,188817,
[7221],ARCHEAN CRATON (INCLUDING GREENSTONE BELTS),ALDAN SHIELD - ARCHEAN / OLONDO GREENSTONE BELT / EASTERN KOMATIITIC METABASALTS,KOMATIITOVYI CREEK VALLEY,57.03,57.03,120.72,120.72,SUBAERIAL,,,s 110/3 [7221],"BASALT, KOMATIITIC [7221]",,,,ARCHEAN [7221],,,,,VOLCANIC ROCK,,,,,WHOLE_ROCK [7221] ,232315.19500000004,4495.049999999999,,40911.102300000006,,,,104935.5,86478.7,92265.12,1626.3618,,913.165,2373.9424,1091.0525,,,,,,,,,,,,,,,,27300.,,,,,,,,,,,,,,,,,,,,,,,,,,,,,,194,1395,,,79,459,,,,,,,,1,31,14,44,2.3,,,,,,,,,,,,,,,,,,,,,,,,,,,,,,,,,,,,,,,,,,,,,,,,,,,,,,,,,,,,,,,,,,188818,
[7221],ARCHEAN CRATON (INCLUDING GREENSTONE BELTS),ALDAN SHIELD - ARCHEAN / OLONDO GREENSTONE BELT / EASTERN KOMATIITIC METABASALTS,KOMATIITOVYI CREEK VALLEY,57.03,57.03,120.72,120.72,SUBAERIAL,,,s 8707/3 [7221],"BASALT, KOMATIITIC [7221]",,,,ARCHEAN [7221],,,,,VOLCANIC ROCK,,,,,WHOLE_ROCK [7221] ,234652.37000000002,4614.918,,41440.3533,,,,99494.40000000001,87908.1,92265.12,1548.9160000000002,,996.18,2522.3138,872.8420000000001,,,,,,,,,,,,,,,,18400.,,,,,,,,,,,,,,,,,,,,,,,,,,,,,,204,1258,,,71,363,,,,,,,,1,31,14,43,2.3,,,,,,,,,,,,,,1.41,4.65,,4.552,1.77,0.528,2.33,,2.59,,1.49,,1.3,,,,,,,,,,,,,,,,0.513198,,,,,16.239,,15.119,,35.03,,,,,,,,,,,,,,,188819,
[7221],ARCHEAN CRATON (INCLUDING GREENSTONE BELTS),ALDAN SHIELD - ARCHEAN / OLONDO GREENSTONE BELT / EASTERN KOMATIITIC METABASALTS,KOMATIITOVYI CREEK VALLEY,57.03,57.03,120.72,120.72,SUBAERIAL,,,s 8707/7 [7221],"BASALT, KOMATIITIC [7221]",,,,ARCHEAN [7221],,,,,VOLCANIC ROCK,,,,,WHOLE_ROCK [7221] ,235119.805,4974.521999999999,,44880.484800000006,,,,97162.5,95769.8,80204.31999999999,1548.9160000000002,,1826.33,4451.142,1221.9788,,,,,,,,,,,,,,,,26700.,,,,,,,,,,,,,,,,,,,,,,,,,,,,,,176,1319,,,62,372,,,,,,,,5,200,15,50,2.6,,,,,,,,,,,,,,,,,,,,,,,,,,,,,,,,,,,,,,,,,,,,,,,,,,,,,,,,,,,,,,,,,,188821,
[7221],ARCHEAN CRATON (INCLUDING GREENSTONE BELTS),ALDAN SHIELD - ARCHEAN / OLONDO GREENSTONE BELT / EASTERN KOMATIITIC METABASALTS,KOMATIITOVYI CREEK VALLEY,57.03,57.03,120.72,120.72,SUBAERIAL,,,s 07/81 [7221],"BASALT, KOMATIITIC [7221]",,,,ARCHEAN [7221],,,,,VOLCANIC ROCK,,,,,WHOLE_ROCK [7221] ,236054.67500000002,5034.455999999999,,45833.136600000005,,,,95607.90000000001,95769.8,75983.04,1471.4702,,830.1500000000001,8753.9126,1091.0525,,,,,,,,,,,,,,,,18200.,,,,,,,,,,,,,,,,,,,,,,,,,,,,,,165,1180,,,61,347,,,,,,,,3,118,15,50,2.7,,,,,,,,,,,,,,,,,7.339,2.088,,,,,,,,,,,,,,,,,,,,,,,,0.512396,,,,,,,,,,,,,,,,,,,,,,,,188822,
[7221],ARCHEAN CRATON (INCLUDING GREENSTONE BELTS),ALDAN SHIELD - ARCHEAN / OLONDO GREENSTONE BELT / EASTERN KOMATIITIC METABASALTS,KOMATIITOVYI CREEK VALLEY,57.03,57.03,120.72,120.72,SUBAERIAL,,,s 8707/8 [7221],"BASALT, KOMATIITIC [7221]",,,,ARCHEAN [7221],,,,,VOLCANIC ROCK,,,,,WHOLE_ROCK [7221] ,233717.50000000003,4914.588,,43927.833000000006,,,,98717.09999999999,92196.3,85028.64,1626.3618,,996.18,4080.2135000000003,916.4841,,,,,,,,,,,,,,,,21000.,,,,,,,,,,,,,,,,,,,,,,,,,,,,,,188,1734,,,76,518,,,,,,,,3,106,14,48,3,,,,,,,,,,,,,,3.82,10.1,,7.41,2.11,0.812,2.46,,2.49,,1.38,,1.19,,,,,,,,,,,,,,,,,,,,,,,,,,,,,,,,,,,,,,,,188823,
[7221],ARCHEAN CRATON (INCLUDING GREENSTONE BELTS),ALDAN SHIELD - ARCHEAN / OLONDO GREENSTONE BELT / EASTERN KOMATIITIC METABASALTS,KOMATIITOVYI CREEK VALLEY,57.03,57.03,120.72,120.72,SUBAERIAL,,,s 89110/4 [7221],"BASALT, KOMATIITIC [7221]",,,,ARCHEAN [7221],,,,,VOLCANIC ROCK,,,,,WHOLE_ROCK [7221] ,232315.19500000004,4674.852,,44774.634600000005,,,,101826.3,91481.6,83822.56,1548.9160000000002,,1245.225,4747.8848,1221.9788,,,,,,,,,,,,,,,,27500.,,,,,,,,,,,,,,,,,,,,,,,,,,,,,,184,1507,,,75,453,,,,,,,,1,79,14,46,2.7,,,,,,,,,,,,,,,,,,,,,,,,,,,,,,,,,,,,,,,,,,,,,,,15.491,,14.905,,34.487,,,,,,,,,,,,,,,188825,
[7221],ARCHEAN CRATON (INCLUDING GREENSTONE BELTS),ALDAN SHIELD - ARCHEAN / OLONDO GREENSTONE BELT / EASTERN KOMATIITIC METABASALTS,KOMATIITOVYI CREEK VALLEY,57.03,57.03,120.72,120.72,SUBAERIAL,,,s 89111/1 [7221],"BASALT, KOMATIITIC [7221]",,,,ARCHEAN [7221],,,,,VOLCANIC ROCK,,,,,WHOLE_ROCK [7221] ,230445.45500000002,4614.918,,42922.2561,,,,104158.2,87193.4,91059.04,1548.9160000000002,,1245.225,3931.8421,1134.6946,,,,,,,,,,,,,,,,25400.,,,,,,,,,,,,,,,,,,,,,,,,,,,,,,195,1349,,,76,393,,,,,,,,2,32,14,46,3,,,,,,,,,,,,,,,,,,,,,,,,,,,,,,,,,,,,,,,,,,,,,,,16.164,,15.017,,34.795,,,,,,,,,,,,,,,188826,
[7221],ARCHEAN CRATON (INCLUDING GREENSTONE BELTS),ALDAN SHIELD - ARCHEAN / OLONDO GREENSTONE BELT / EASTERN KOMATIITIC METABASALTS,KOMATIITOVYI CREEK VALLEY,57.03,57.03,120.72,120.72,SUBAERIAL,,,s 89111/2 [7221],"BASALT, KOMATIITIC [7221]",,,,ARCHEAN [7221],,,,,VOLCANIC ROCK,,,,,WHOLE_ROCK [7221] ,229043.15000000002,4554.9839999999995,,40699.401900000004,,,,105712.8,89337.5,92868.16,1548.9160000000002,,996.18,3412.5422,1178.3367,,,,,,,,,,,,,,,,39200.,,,,,,,,,,,,,,,,,,,,,,,,,,,,,,186,1551,,,78,491,,,,,,,,1,43,14,45,2,,,,,,,,,,,,,,,,,,,,,,,,,,,,,,,,,,,,,,,,,,,,,,,16.308,,15.024,,34.997,,,,,,,,,,,,,,,188827,
[7221],ARCHEAN CRATON (INCLUDING GREENSTONE BELTS),ALDAN SHIELD - ARCHEAN / OLONDO GREENSTONE BELT / EASTERN KOMATIITIC METABASALTS,KOMATIITOVYI CREEK VALLEY,57.03,57.03,120.72,120.72,SUBAERIAL,,,s 89113/3 [7221],"BASALT, KOMATIITIC [7221]",,,,ARCHEAN [7221],,,,,VOLCANIC ROCK,,,,,WHOLE_ROCK [7221] ,230912.89,4974.521999999999,,46574.088,,,,104158.2,90766.9,80807.36,1548.9160000000002,,1079.195,7344.3843,1003.7683000000001,,,,,,,,,,,,,,,,28300.,,,,,,,,,,,,,,,,,,,,,,,,,,,,,,205,1325,,,77,389,,,,,,,,1,69,15,49,2.6,,,,,,,,,,,,,,,,,6.639,2.063,,,,,,,,,,,,,,,,,,,,,,,,0.51257,,,,,16.429,,15.086,,35.224,,,,,,,,,,,,,,,188828,
[7221],ARCHEAN CRATON (INCLUDING GREENSTONE BELTS),ALDAN SHIELD - ARCHEAN / OLONDO GREENSTONE BELT / EASTERN KOMATIITIC METABASALTS,KOMATIITOVYI CREEK VALLEY,57.03,57.03,120.72,120.72,SUBAERIAL,,,s 89114/1 [7221],"BASALT, KOMATIITIC [7221]",,,,ARCHEAN [7221],,,,,VOLCANIC ROCK,,,,,WHOLE_ROCK [7221] ,231380.325,4435.116,,39376.2744,,,,104158.2,87193.4,93471.2,1471.4702,,996.18,5489.7418,829.1999000000001,,,,,,,,,,,,,,,,26500.,,,,,,,,,,,,,,,,,,,,,,,,,,,,,,190,1881,,,76,431,,,,,,,,1,17,13,43,2.7,,,,,,,,,,,,,,,,,,,,,,,,,,,,,,,,,,,,,,,,,,,,,,,17.591,,15.309,,35.99,,,,,,,,,,,,,,,188830,
[7221],ARCHEAN CRATON (INCLUDING GREENSTONE BELTS),ALDAN SHIELD - ARCHEAN / OLONDO GREENSTONE BELT / EASTERN KOMATIITIC METABASALTS,KOMATIITOVYI CREEK VALLEY,57.03,57.03,120.72,120.72,SUBAERIAL,,,s 110/1 [7221],"BASALT, KOMATIITIC [7221]",,,,ARCHEAN [7221],,,,,VOLCANIC ROCK,,,,,WHOLE_ROCK [7221] ,224368.80000000002,3835.776,,34560.0903,,,,107267.40000000001,76472.9,118798.87999999999,1471.4702,,332.06,1112.7855,960.1262,,,,,,,,,,,,,,,,58000.,,,,,,,,,,,,,,,,,,,,,,,,,,,,,,168,2558,,,93,836,,,,,,,,1,20,11,38,1.9,,,,,,,,,,,,,,,,,,,,,,,,,,,,,,,,,,,,,,,,,,,,,,,,,,,,,,,,,,,,,,,,,,188831,
[7221],ARCHEAN CRATON (INCLUDING GREENSTONE BELTS),ALDAN SHIELD - ARCHEAN / OLONDO GREENSTONE BELT / EASTERN KOMATIITIC METABASALTS,KOMATIITOVYI CREEK VALLEY,57.03,57.03,120.72,120.72,SUBAERIAL,,,s 07/91 [7221],"BASALT, KOMATIITIC [7221]",,,,ARCHEAN [7221],,,,,VOLCANIC ROCK,,,,,WHOLE_ROCK [7221] ,229510.58500000002,4135.445999999999,,36730.019400000005,,,,98717.09999999999,83619.9,102516.79999999999,1548.9160000000002,,1245.225,9792.5124,872.8420000000001,,,,,,,,,,,,,,,,17800.,,,,,,,,,,,,,,,,,,,,,,,,,,,,,,171,2027,,,82,663,,,,,,,,1,31,12,41,2.1,,,,,,,,,,,,,,,,,,,,,,,,,,,,,,,,,,,,,,,,,,,,,,,,,,,,,,,,,,,,,,,,,,188832,
[7221],ARCHEAN CRATON (INCLUDING GREENSTONE BELTS),ALDAN SHIELD - ARCHEAN / OLONDO GREENSTONE BELT / EASTERN KOMATIITIC METABASALTS,KOMATIITOVYI CREEK VALLEY,57.03,57.03,120.72,120.72,SUBAERIAL,,,s 07/92 [7221],"BASALT, KOMATIITIC [7221]",,,,ARCHEAN [7221],,,,,VOLCANIC ROCK,,,,,WHOLE_ROCK [7221] ,229978.02000000002,4015.578,,35353.9668,,,,97939.8,82190.5,106135.04000000001,1626.3618,,2158.39,8382.9841,872.8420000000001,,,,,,,,,,,,,,,,12700.,,,,,,,,,,,,,,,,,,,,,,,,,,,,,,166,2210,,,83,710,,,,,,,,1,76,11,40,2,,,,,,,,,,,,,,,,,,,,,,,,,,,,,,,,,,,,,,,,,,,,,,,,,,,,,,,,,,,,,,,,,,188833,
[7221],ARCHEAN CRATON (INCLUDING GREENSTONE BELTS),ALDAN SHIELD - ARCHEAN / OLONDO GREENSTONE BELT / EASTERN KOMATIITIC METABASALTS,KOMATIITOVYI CREEK VALLEY,57.03,57.03,120.72,120.72,SUBAERIAL,,,s 113/1 [7221],"BASALT, KOMATIITIC [7221]",,,,ARCHEAN [7221],,,,,VOLCANIC ROCK,,,,,WHOLE_ROCK [7221] ,231380.325,3955.644,,35883.217800000006,,,,99494.40000000001,78617,112165.44,1471.4702,,415.07500000000005,2003.0139000000001,960.1262,,,,,,,,,,,,,,,,42900.,,,,,,,,,,,,,,,,,,,,,,,,,,,,,,170,2315,,,87,757,,,,,,,,1,9,11,39,2,,,,,,,,,,,,,,,,,,,,,,,,,,,,,,,,,,,,,,,,,,,,,,,,,,,,,,,,,,,,,,,,,,188834,
[7221],ARCHEAN CRATON (INCLUDING GREENSTONE BELTS),ALDAN SHIELD - ARCHEAN / OLONDO GREENSTONE BELT / EASTERN KOMATIITIC METABASALTS,KOMATIITOVYI CREEK VALLEY,57.03,57.03,120.72,120.72,SUBAERIAL,,,s 113/2 [7221],"BASALT, KOMATIITIC [7221]",,,,ARCHEAN [7221],,,,,VOLCANIC ROCK,,,,,WHOLE_ROCK [7221] ,223433.93,3715.908,,34189.6146,,,,103380.90000000001,74328.8,124226.24,1471.4702,,415.07500000000005,2077.1996,829.1999000000001,,,,,,,,,,,,,,,,55199.99999999999,,,,,,,,,,,,,,,,,,,,,,,,,,,,,,172,2710,,,106,926,,,,,,,,1,10,10,36,1.9,,,,,,,,,,,,,,2.47,6.82,,5.06,1.51,0.493,1.73,,1.74,,0.98,,0.86,,,,,,,,,,,,,,,,,,,,,,,,,,,,,,,,,,,,,,,,188835,
[7221],ARCHEAN CRATON (INCLUDING GREENSTONE BELTS),ALDAN SHIELD - ARCHEAN / OLONDO GREENSTONE BELT / EASTERN KOMATIITIC METABASALTS,KOMATIITOVYI CREEK VALLEY,57.03,57.03,120.72,120.72,SUBAERIAL,,,s 8720/1 [7221],PERIDOTITE [7221],,,,ARCHEAN [7221],,,,,MANTLE XENOLITH,,,,,WHOLE_ROCK [7221] ,208476.01,1738.0859999999998,,15189.503700000001,,,,97939.8,35091.770000000004,207445.75999999998,1858.6992,,166.03,74.1857,130.9263,,,,,,,,,,,,,,,,77700.,,,,,,,,,,,,,,,,,,,,,,,,,,,,,,72,4932,,,161,1817,,,,,,,,1,9,5,18,1,,,,,,,,,,,,,,,,,,,,,,,,,,,,,,,,,,,,,,,,,,,,,,,,,,,,,,,,,,,,,,,,,,188836,
[7221],ARCHEAN CRATON (INCLUDING GREENSTONE BELTS),ALDAN SHIELD - ARCHEAN / OLONDO GREENSTONE BELT / EASTERN KOMATIITIC METABASALTS,KOMATIITOVYI CREEK VALLEY,57.03,57.03,120.72,120.72,SUBAERIAL,,,s 8721/1 [7221],PERIDOTITE [7221],,,,ARCHEAN [7221],,,,,MANTLE XENOLITH,,,,,WHOLE_ROCK [7221] ,206138.83500000002,1678.152,,14342.7021,,,,97162.5,36521.170000000006,211064.,1858.6992,,166.03,74.1857,174.5684,,,,,,,,,,,,,,,,87600.,,,,,,,,,,,,,,,,,,,,,,,,,,,,,,70,5072,,,173,1864,,,,,,,,1,10,5,17,1,,,,,,,,,,,,,,0.97,2.75,,2.21,0.712,0.206,0.845,,0.88,,0.486,,0.433,,,,,,,,,,,,,,,,,,,,,,,,,,,,,,,,,,,,,,,,188837,
[7221],ARCHEAN CRATON (INCLUDING GREENSTONE BELTS),ALDAN SHIELD - ARCHEAN / OLONDO GREENSTONE BELT / EASTERN KOMATIITIC METABASALTS,KOMATIITOVYI CREEK VALLEY,57.03,57.03,120.72,120.72,SUBAERIAL,,,s 8722/1 [7221],PERIDOTITE [7221],,,,ARCHEAN [7221],,,,,MANTLE XENOLITH,,,,,WHOLE_ROCK [7221] ,206606.27000000002,1618.218,,14025.1515,,,,94830.59999999999,34662.95,214079.19999999998,1781.2534,,249.045,370.9285,87.2842,,,,,,,,,,,,,,,,74000.,,,,,,,,,,,,,,,,,,,,,,,,,,,,,,74,5199,,,168,1915,,,,,,,,0,6,5,16,1,,,,,,,,,,,,,,1.59,4.56,,3.64,1.15,0.387,1.41,,1.48,,0.82,,0.731,,,,,,,,,,,,,,,,,,,,,,,,,,,,,,,,,,,,,,,,188838,
[7221],ARCHEAN CRATON (INCLUDING GREENSTONE BELTS),ALDAN SHIELD - ARCHEAN / OLONDO GREENSTONE BELT / EASTERN KOMATIITIC METABASALTS,KOMATIITOVYI CREEK VALLEY,57.03,57.03,120.72,120.72,SUBAERIAL,,,s 8723/6 [7221],PERIDOTITE [7221],,,,ARCHEAN [7221],,,,,MANTLE XENOLITH,,,,,WHOLE_ROCK [7221] ,218759.58000000002,2876.832,,25668.6735,,,,102603.59999999999,59320.100000000006,156790.4,1703.8076,,83.015,741.857,218.21050000000002,,,,,,,,,,,,,,,,56400.,,,,,,,,,,,,,,,,,,,,,,,,,,,,,,127,3520,,,124,1319,,,,,,,,1,6,8,27,2,,,,,,,,,,,,,,,,,,,,,,,,,,,,,,,,,,,,,,,,,,,,,,,,,,,,,,,,,,,,,,,,,,188839,
[7221],ARCHEAN CRATON (INCLUDING GREENSTONE BELTS),ALDAN SHIELD - ARCHEAN / OLONDO GREENSTONE BELT / EASTERN KOMATIITIC METABASALTS,KOMATIITOVYI CREEK VALLEY,57.03,57.03,120.72,120.72,SUBAERIAL,,,s 8723/7 [7221],PERIDOTITE [7221],,,,ARCHEAN [7221],,,,,MANTLE XENOLITH,,,,,WHOLE_ROCK [7221] ,213150.36000000002,2217.558,,19211.8113,,,,100271.7,44668.75,188751.52,1626.3618,,83.015,370.9285,349.1368,,,,,,,,,,,,,,,,74000.,,,,,,,,,,,,,,,,,,,,,,,,,,,,,,88,4207,,,145,1586,,,,,,,,0,26,7,22,2,,,,,,,,,,,,,,,,,,,,,,,,,,,,,,,,,,,,,,,,,,,,,,,,,,,,,,,,,,,,,,,,,,188840,
[7221],ARCHEAN CRATON (INCLUDING GREENSTONE BELTS),ALDAN SHIELD - ARCHEAN / OLONDO GREENSTONE BELT / EASTERN KOMATIITIC METABASALTS,KOMATIITOVYI CREEK VALLEY,57.03,57.03,120.72,120.72,SUBAERIAL,,,s 8723/8 [7221],PERIDOTITE [7221],,,,ARCHEAN [7221],,,,,MANTLE XENOLITH,,,,,WHOLE_ROCK [7221] ,208943.44500000004,1917.888,,17412.357900000003,,,,101049,40166.14,197194.08000000002,1703.8076,,83.015,519.2999,261.8526,,,,,,,,,,,,,,,,78300.,,,,,,,,,,,,,,,,,,,,,,,,,,,,,,82,4621,,,150,1708,,,,,,,,1,26,6,20,1,,,,,,,,,,,,,,,,,,,,,,,,,,,,,,,,,,,,,,,,,,,,,,,,,,,,,,,,,,,,,,,,,,188841,
[7221],ARCHEAN CRATON (INCLUDING GREENSTONE BELTS),ALDAN SHIELD - ARCHEAN / OLONDO GREENSTONE BELT / EASTERN KOMATIITIC METABASALTS,KOMATIITOVYI CREEK VALLEY,57.03,57.03,120.72,120.72,SUBAERIAL,,,s 8723/9 [7221],PERIDOTITE [7221],,,,ARCHEAN [7221],,,,,MANTLE XENOLITH,,,,,WHOLE_ROCK [7221] ,208476.01,1857.954,,16300.930800000002,,,,99494.40000000001,38951.15,200812.31999999998,1781.2534,,166.03,1186.9712,305.4947,,,,,,,,,,,,,,,,71100.,,,,,,,,,,,,,,,,,,,,,,,,,,,,,,73,4691,,,166,1730,,,,,,,,0,24,5,19,2,,,,,,,,,,,,,,,,,,,,,,,,,,,,,,,,,,,,,,,,,,,,,,,,,,,,,,,,,,,,,,,,,,188842,
[7221],ARCHEAN CRATON (INCLUDING GREENSTONE BELTS),ALDAN SHIELD - ARCHEAN / OLONDO GREENSTONE BELT / EASTERN KOMATIITIC METABASALTS,KOMATIITOVYI CREEK VALLEY,57.03,57.03,120.72,120.72,SUBAERIAL,,,s 8723/10 [7221],PERIDOTITE [7221],,,,ARCHEAN [7221],,,,,MANTLE XENOLITH,,,,,WHOLE_ROCK [7221] ,207073.70500000002,2037.756,,17729.9085,,,,102603.59999999999,43525.229999999996,195384.96,1703.8076,,83.015,148.3714,174.5684,,,,,,,,,,,,,,,,92800.,,,,,,,,,,,,,,,,,,,,,,,,,,,,,,86,4879,,,164,1650,,,,,,,,0,19,6,21,2,,,,,,,,,,,,,,,,,,,,,,,,,,,,,,,,,,,,,,,,,,,,,,,,,,,,,,,,,,,,,,,,,,188843,
[7221],ARCHEAN CRATON (INCLUDING GREENSTONE BELTS),ALDAN SHIELD - ARCHEAN / OLONDO GREENSTONE BELT / WESTERN KOMATIITES,FLANKS OF THE WESTERN BRANCH OF OLONDO GREENSTONE BELT,57.03,57.03,120.72,120.72,SUBAERIAL,,,s 8548 [7221],KOMATIITE [7221],,,,ARCHEAN [7221],,,,,VOLCANIC ROCK,,,,,WHOLE_ROCK [7221] ,239794.155,1917.888,,41281.578,,,,75631.29000000001,60034.8,130859.68,1394.0244,,249.045,3264.1708,698.2736,,,,,,,,,,,,,,,,42800.,,,,,,,,,,,,,,,,,,,,,,,,,,,,,,124,2765,,,76,938,,,,,,,,1,10,7,17,2,,,,,,,,,,,,,,,1.98,,1.88,0.71,0.232,1.06,,1.33,,0.857,,0.828,,,,,,,,,,,,,,,,,,,,,,,,,,,,,,,,,,,,,,,,188844,
[7221],ARCHEAN CRATON (INCLUDING GREENSTONE BELTS),ALDAN SHIELD - ARCHEAN / OLONDO GREENSTONE BELT / WESTERN KOMATIITES,FLANKS OF THE WESTERN BRANCH OF OLONDO GREENSTONE BELT,57.03,57.03,120.72,120.72,SUBAERIAL,,,s 8551/1 [7221],KOMATIITE [7221],,,,ARCHEAN [7221],,,,,VOLCANIC ROCK,,,,,WHOLE_ROCK [7221] ,234184.93500000003,1498.35,,34083.7644,,,,72833.01,68182.37999999999,142317.44,1316.5786,,166.03,2819.0566,698.2736,,,,,,,,,,,,,,,,50199.99999999999,,,,,,,,,,,,,,,,,,,,,,,,,,,,,,116,2671,,,81,1076,,,,,,,,1,8,5,14,1,,,,,,,,,,,,,,0.375,1.16,,1.1,0.421,0.158,0.629,,0.831,,0.563,,0.559,,,,,,,,,,,,,,,,,,,,,,,,,,,,,,,,,,,,,,,,188846,
[7221],ARCHEAN CRATON (INCLUDING GREENSTONE BELTS),ALDAN SHIELD - ARCHEAN / OLONDO GREENSTONE BELT / WESTERN KOMATIITES,FLANKS OF THE WESTERN BRANCH OF OLONDO GREENSTONE BELT,57.03,57.03,120.72,120.72,SUBAERIAL,,,s 8552/1 [7221],KOMATIITE [7221],,,,ARCHEAN [7221],,,,,VOLCANIC ROCK,,,,,WHOLE_ROCK [7221] ,229978.02000000002,2037.756,,42710.555700000004,,,,100271.7,52673.39,127844.47999999998,1394.0244,,664.12,3931.8421,610.9894,,,,,,,,,,,,,,,,65400.,,,,,,,,,,,,,,,,,,,,,,,,,,,,,,234,2509,,,95,971,,,,,,,,1,9,9,22,1,,,,,,,,,,,,,,0.42,1.29,,1.16,0.439,0.131,0.655,,0.865,,0.586,,0.587,,,,,,,,,,,,,,,,,,,,,,,,,,,,,,,,,,,,,,,,188847,
[7221],ARCHEAN CRATON (INCLUDING GREENSTONE BELTS),ALDAN SHIELD - ARCHEAN / OLONDO GREENSTONE BELT / WESTERN KOMATIITES,FLANKS OF THE WESTERN BRANCH OF OLONDO GREENSTONE BELT,57.03,57.03,120.72,120.72,SUBAERIAL,,,s 8552 [7221],KOMATIITE [7221],,,,ARCHEAN [7221],,,,,VOLCANIC ROCK,,,,,WHOLE_ROCK [7221] ,230912.89,1378.482,,37576.820999999996,,,,71356.14,63822.71,147141.75999999998,1239.1328,,166.03,3709.285,523.7052,,,,,,,,,,,,,,,,55800.,,,,,,,,,,,,,,,,,,,,,,,,,,,,,,125,2802,,,78,976,,,,,,,,1,8,5,11,0,,,,,,,,,,,,,,,,,,,,,,,,,,,,,,,,,,,,,,,,,,,,,,,,,,,,,,,,,,,,,,,,,,188848,
[7221],ARCHEAN CRATON (INCLUDING GREENSTONE BELTS),ALDAN SHIELD - ARCHEAN / OLONDO GREENSTONE BELT / WESTERN KOMATIITES,FLANKS OF THE WESTERN BRANCH OF OLONDO GREENSTONE BELT,57.03,57.03,120.72,120.72,SUBAERIAL,,,s 8551/2 [7221],KOMATIITE [7221],,,,ARCHEAN [7221],,,,,VOLCANIC ROCK,,,,,WHOLE_ROCK [7221] ,226238.54,1558.2839999999999,,41122.8027,,,,83171.09999999999,67181.8,136890.08,1394.0244,,249.045,3338.3565,698.2736,,,,,,,,,,,,,,,,51700.,,,,,,,,,,,,,,,,,,,,,,,,,,,,,,131,3187,,,74,1004,,,,,,,,1,12,5,14,2,,,,,,,,,,,,,,,,,,,,,,,,,,,,,,,,,,,,,,,,,,,,,,,,,,,,,,,,,,,,,,,,,,188849,
[7221],ARCHEAN CRATON (INCLUDING GREENSTONE BELTS),ALDAN SHIELD - ARCHEAN / OLONDO GREENSTONE BELT / WESTERN KOMATIITES,FLANKS OF THE WESTERN BRANCH OF OLONDO GREENSTONE BELT,57.03,57.03,120.72,120.72,SUBAERIAL,,,s 8551/4 [7221],KOMATIITE [7221],,,,ARCHEAN [7221],,,,,VOLCANIC ROCK,,,,,WHOLE_ROCK [7221] ,231847.76000000004,1438.416,,37947.2967,,,,100271.7,48814.01,136287.04,1703.8076,,249.045,1557.8997,567.3473,,,,,,,,,,,,,,,,41500.,,,,,,,,,,,,,,,,,,,,,,,,,,,,,,113,3067,,,80,900,,,,,,,,1,7,6,13,2,,,,,,,,,,,,,,,,,,,,,,,,,,,,,,,,,,,,,,,,,,,,,,,,,,,,,,,,,,,,,,,,,,188850,
[7221],ARCHEAN CRATON (INCLUDING GREENSTONE BELTS),ALDAN SHIELD - ARCHEAN / OLONDO GREENSTONE BELT / WESTERN KOMATIITES,FLANKS OF THE WESTERN BRANCH OF OLONDO GREENSTONE BELT,57.03,57.03,120.72,120.72,SUBAERIAL,,,s 8551/5 [7221],KOMATIITE [7221],,,,ARCHEAN [7221],,,,,VOLCANIC ROCK,,,,,WHOLE_ROCK [7221] ,233250.065,1438.416,,38635.323000000004,,,,77730,66967.39,136890.08,1316.5786,,249.045,1261.1569,741.9157,,,,,,,,,,,,,,,,42400.,,,,,,,,,,,,,,,,,,,,,,,,,,,,,,135,2820,,,79,1097,,,,,,,,3,5,6,12,2,,,,,,,,,,,,,,,,,,,,,,,,,,,,,,,,,,,,,,,,,,,,,,,,,,,,,,,,,,,,,,,,,,188851,
[7221],ARCHEAN CRATON (INCLUDING GREENSTONE BELTS),ALDAN SHIELD - ARCHEAN / OLONDO GREENSTONE BELT / WESTERN KOMATIITES,FLANKS OF THE WESTERN BRANCH OF OLONDO GREENSTONE BELT,57.03,57.03,120.72,120.72,SUBAERIAL,,,s 8569/4 [7221],KOMATIITE [7221],,,,ARCHEAN [7221],,,,,VOLCANIC ROCK,,,,,WHOLE_ROCK [7221] ,223901.36500000002,1678.152,,40540.6266,,,,85503,57247.47,147744.8,1394.0244,,332.06,1928.8282,654.6315,,,,,,,,,,,,,,,,56900.00000000001,,,,,,,,,,,,,,,,,,,,,,,,,,,,,,125,2676,,,86,1145,,,,,,,,1,8,7,14,1,,,,,,,,,,,,,,,,,,,,,,,,,,,,,,,,,,,,,,,,,,,,,,,,,,,,,,,,,,,,,,,,,,188852,
[7221],ARCHEAN CRATON (INCLUDING GREENSTONE BELTS),ALDAN SHIELD - ARCHEAN / OLONDO GREENSTONE BELT / WESTERN KOMATIITES,FLANKS OF THE WESTERN BRANCH OF OLONDO GREENSTONE BELT,57.03,57.03,120.72,120.72,SUBAERIAL,,,s 8569/1 [7221],KOMATIITE [7221],,,,ARCHEAN [7221],,,,,VOLCANIC ROCK,,,,,WHOLE_ROCK [7221] ,222966.49500000002,1798.0199999999998,,36941.719800000006,,,,90944.09999999999,40666.43,164026.87999999998,1471.4702,,249.045,593.4856,436.42100000000005,,,,,,,,,,,,,,,,71100.,,,,,,,,,,,,,,,,,,,,,,,,,,,,,,147,3628,,,92,1338,,,,,,,,1,12,6,15,1,,,,,,,,,,,,,,,,,,,,,,,,,,,,,,,,,,,,,,,,,,,,,,,,,,,,,,,,,,,,,,,,,,188854,
[7221],ARCHEAN CRATON (INCLUDING GREENSTONE BELTS),ALDAN SHIELD - ARCHEAN / OLONDO GREENSTONE BELT / WESTERN KOMATIITES,FLANKS OF THE WESTERN BRANCH OF OLONDO GREENSTONE BELT,57.03,57.03,120.72,120.72,SUBAERIAL,,,s 85116 [7221],KOMATIITE [7221],,,,ARCHEAN [7221],,,,,VOLCANIC ROCK,,,,,WHOLE_ROCK [7221] ,236054.67500000002,1678.152,,32919.4122,,,,75553.56000000001,66252.69,142317.44,1316.5786,,166.03,1112.7855,654.6315,,,,,,,,,,,,,,,,51300.,,,,,,,,,,,,,,,,,,,,,,,,,,,,,,129,3147,,,83,1116,,,,,,,,1,22,8,14,1,,,,,,,,,,,,,,0.831,2.4,,2.15,0.79,0.329,1.15,,1.43,,0.929,,0.909,,,,,,,,,,,,,,,,,,,,,,,,,,,,,,,,,,,,,,,,188855,
[7221],ARCHEAN CRATON (INCLUDING GREENSTONE BELTS),ALDAN SHIELD - ARCHEAN / OLONDO GREENSTONE BELT / WESTERN KOMATIITES,FLANKS OF THE WESTERN BRANCH OF OLONDO GREENSTONE BELT,57.03,57.03,120.72,120.72,SUBAERIAL,,,s 89104/2 [7221],KOMATIITE [7221],,,,ARCHEAN [7221],,,,,VOLCANIC ROCK,,,,,WHOLE_ROCK [7221] ,233250.065,1678.152,,32072.6106,,,,80839.2,61249.79,145935.68,1394.0244,,332.06,1854.6425,610.9894,,,,,,,,,,,,,,,,51200.,,,,,,,,,,,,,,,,,,,,,,,,,,,,,,96,2685,,,101,1353,,,,,,,,1,17,7,14,1,,,,,,,,,,,,,,,,,,,,,,,,,,,,,,,,,,,,,,,,,,,,,,,,,,,,,,,,,,,,,,,,,,188856,
[7221],ARCHEAN CRATON (INCLUDING GREENSTONE BELTS),ALDAN SHIELD - ARCHEAN / OLONDO GREENSTONE BELT / WESTERN KOMATIITES,FLANKS OF THE WESTERN BRANCH OF OLONDO GREENSTONE BELT,57.03,57.03,120.72,120.72,SUBAERIAL,,,s 228/12 [7221],KOMATIITE [7221],,,,ARCHEAN [7221],,,,,VOLCANIC ROCK,,,,,WHOLE_ROCK [7221] ,233717.50000000003,1678.152,,37735.5963,,,,77730,65966.81,136287.04,1471.4702,,249.045,2596.4995,741.9157,,,,,,,,,,,,,,,,45100.,,,,,,,,,,,,,,,,,,,,,,,,,,,,,,126,2957,,,83,938,,,,,,,,1,7,7,14,0.9,,,,,,,,,,,,,,0.555,1.7,,1.65,0.65,0.148,1,,1.29,,0.83,,0.801,,,,,,,,,,,,,,,,,,,,,,,,,,,,,,,,,,,,,,,,188857,
[7221],ARCHEAN CRATON (INCLUDING GREENSTONE BELTS),ALDAN SHIELD - ARCHEAN / OLONDO GREENSTONE BELT / WESTERN KOMATIITES,FLANKS OF THE WESTERN BRANCH OF OLONDO GREENSTONE BELT,57.03,57.03,120.72,120.72,SUBAERIAL,,,s 228/13 [7221],KOMATIITE [7221],,,,ARCHEAN [7221],,,,,VOLCANIC ROCK,,,,,WHOLE_ROCK [7221] ,235587.24000000002,1498.35,,35724.442500000005,,,,93276,36306.76,152569.12,1316.5786,,166.03,148.3714,305.4947,,,,,,,,,,,,,,,,80600.,,,,,,,,,,,,,,,,,,,,,,,,,,,,,,140,3591,,,74,1375,,,,,,,,3,13,6,14,1,,,,,,,,,,,,,,,,,,,,,,,,,,,,,,,,,,,,,,,,,,,,,,,,,,,,,,,,,,,,,,,,,,188858,
[7221],ARCHEAN CRATON (INCLUDING GREENSTONE BELTS),ALDAN SHIELD - ARCHEAN / OLONDO GREENSTONE BELT / WESTERN KOMATIITES,FLANKS OF THE WESTERN BRANCH OF OLONDO GREENSTONE BELT,57.03,57.03,120.72,120.72,SUBAERIAL,,,s 228/15 [7221],KOMATIITE [7221],,,,ARCHEAN [7221],,,,,VOLCANIC ROCK,,,,,WHOLE_ROCK [7221] ,239326.72000000003,1318.548,,34242.5397,,,,73765.77,56675.71,146538.72,1394.0244,,166.03,74.1857,436.42100000000005,,,,,,,,,,,,,,,,56400.,,,,,,,,,,,,,,,,,,,,,,,,,,,,,,128,3222,,,89,1304,,,,,,,,4,13,6,12,1,,,,,,,,,,,,,,,,,,,,,,,,,,,,,,,,,,,,,,,,,,,,,,,,,,,,,,,,,,,,,,,,,,188859,
[7221],ARCHEAN CRATON (INCLUDING GREENSTONE BELTS),ALDAN SHIELD - ARCHEAN / OLONDO GREENSTONE BELT / WESTERN KOMATIITES,FLANKS OF THE WESTERN BRANCH OF OLONDO GREENSTONE BELT,57.03,57.03,120.72,120.72,SUBAERIAL,,,s 228/17 [7221],KOMATIITE [7221],,,,ARCHEAN [7221],,,,,VOLCANIC ROCK,,,,,WHOLE_ROCK [7221] ,237924.415,1318.548,,34613.015400000004,,,,76797.24,48885.479999999996,152569.12,1316.5786,,166.03,816.0427,174.5684,,,,,,,,,,,,,,,,61900.00000000001,,,,,,,,,,,,,,,,,,,,,,,,,,,,,,91,3076,,,88,1194,,,,,,,,1,16,5,10,1,,,,,,,,,,,,,,,,,,,,,,,,,,,,,,,,,,,,,,,,,,,,,,,,,,,,,,,,,,,,,,,,,,188860,
[7221],ARCHEAN CRATON (INCLUDING GREENSTONE BELTS),ALDAN SHIELD - ARCHEAN / OLONDO GREENSTONE BELT / WESTERN KOMATIITES,FLANKS OF THE WESTERN BRANCH OF OLONDO GREENSTONE BELT,57.03,57.03,120.72,120.72,SUBAERIAL,,,s 86228/18 [7221],KOMATIITE [7221],,,,ARCHEAN [7221],,,,,VOLCANIC ROCK,,,,,WHOLE_ROCK [7221] ,236522.11000000002,1198.68,,33924.9891,,,,75320.37,45883.74,158599.52,1316.5786,,83.015,1335.3426,349.1368,,,,,,,,,,,,,,,,68100.,,,,,,,,,,,,,,,,,,,,,,,,,,,,,,116,3240,,,87,1289,,,,,,,,1,31,5,11,0.2,,,,,,,,,,,,,,0.362,1.12,,1.04,0.369,0.09,0.577,,0.795,,0.541,,0.537,0.084,,,,,,,,,,,,,,,0.513128,,,,,,,,,,,,,,,,,,,,,,,,188861,
[7221],ARCHEAN CRATON (INCLUDING GREENSTONE BELTS),ALDAN SHIELD - ARCHEAN / OLONDO GREENSTONE BELT / WESTERN KOMATIITES,FLANKS OF THE WESTERN BRANCH OF OLONDO GREENSTONE BELT,57.03,57.03,120.72,120.72,SUBAERIAL,,,s 228/19 [7221],KOMATIITE [7221],,,,ARCHEAN [7221],,,,,VOLCANIC ROCK,,,,,WHOLE_ROCK [7221] ,240261.59000000003,1438.416,,36994.6449,,,,76097.67,42310.24,153172.15999999997,1316.5786,,83.015,519.2999,305.4947,,,,,,,,,,,,,,,,58099.99999999999,,,,,,,,,,,,,,,,,,,,,,,,,,,,,,96,2735,,,92,1315,,,,,,,,2,17,7,13,1,,,,,,,,,,,,,,,,,,,,,,,,,,,,,,,,,,,,,,,,,,,,,,,,,,,,,,,,,,,,,,,,,,188862,
[7221],ARCHEAN CRATON (INCLUDING GREENSTONE BELTS),ALDAN SHIELD - ARCHEAN / OLONDO GREENSTONE BELT / WESTERN KOMATIITES,FLANKS OF THE WESTERN BRANCH OF OLONDO GREENSTONE BELT,57.03,57.03,120.72,120.72,SUBAERIAL,,,s 228/1 [7221],KOMATIITE [7221],,,,ARCHEAN [7221],,,,,VOLCANIC ROCK,,,,,WHOLE_ROCK [7221] ,235587.24000000002,1798.0199999999998,,40170.1509,,,,78507.3,58176.58,132668.8,1626.3618,,2075.375,5860.6703,785.5577999999999,,,,,,,,,,,,,,,,43300.,,,,,,,,,,,,,,,,,,,,,,,,,,,,,,136,2405,,,58,1051,,,,,,,,9,20,8,17,2,,,,,,,,,,,,,,,,,,,,,,,,,,,,,,,,,,,,,,,,,,,,,,,,,,,,,,,,,,,,,,,,,,188863,
[7221],ARCHEAN CRATON (INCLUDING GREENSTONE BELTS),ALDAN SHIELD - ARCHEAN / OLONDO GREENSTONE BELT / WESTERN KOMATIITES,FLANKS OF THE WESTERN BRANCH OF OLONDO GREENSTONE BELT,57.03,57.03,120.72,120.72,SUBAERIAL,,,s 228/4 [7221],KOMATIITE [7221],,,,ARCHEAN [7221],,,,,VOLCANIC ROCK,,,,,WHOLE_ROCK [7221] ,234652.37000000002,1618.218,,35724.442500000005,,,,76330.86,53102.21,145935.68,1394.0244,,1660.3000000000002,5786.4846,610.9894,,,,,,,,,,,,,,,,58800.,,,,,,,,,,,,,,,,,,,,,,,,,,,,,,116,2919,,,64,1225,,,,,,,,6,28,7,16,1,,,,,,,,,,,,,,,,,,,,,,,,,,,,,,,,,,,,,,,,,,,,,,,,,,,,,,,,,,,,,,,,,,188864,
[7221],ARCHEAN CRATON (INCLUDING GREENSTONE BELTS),ALDAN SHIELD - ARCHEAN / OLONDO GREENSTONE BELT / WESTERN KOMATIITES,FLANKS OF THE WESTERN BRANCH OF OLONDO GREENSTONE BELT,57.03,57.03,120.72,120.72,SUBAERIAL,,,s 228/3 [7221],KOMATIITE [7221],,,,ARCHEAN [7221],,,,,VOLCANIC ROCK,,,,,WHOLE_ROCK [7221] ,232315.19500000004,1738.0859999999998,,41916.6792,,,,78507.3,61821.55,136890.08,1394.0244,,249.045,2003.0139000000001,567.3473,,,,,,,,,,,,,,,,55300.,,,,,,,,,,,,,,,,,,,,,,,,,,,,,,127,2629,,,61,1165,,,,,,,,2,11,8,17,1,,,,,,,,,,,,,,0.643,1.8,,1.53,0.563,0.126,0.808,,1.07,,0.736,,0.742,,,,,,,,,,,,,,,,,,,,,,,,,,,,,,,,,,,,,,,,188865,
[7221],ARCHEAN CRATON (INCLUDING GREENSTONE BELTS),ALDAN SHIELD - ARCHEAN / OLONDO GREENSTONE BELT / WESTERN KOMATIITES,FLANKS OF THE WESTERN BRANCH OF OLONDO GREENSTONE BELT,57.03,57.03,120.72,120.72,SUBAERIAL,,,s 8550/1 [7221],KOMATIITE [7221],,,,ARCHEAN [7221],,,,,VOLCANIC ROCK,,,,,WHOLE_ROCK [7221] ,227640.84500000003,3296.37,,43398.581999999995,,,,102603.59999999999,67253.27,113974.55999999998,1548.9160000000002,,830.1500000000001,4451.142,829.1999000000001,,,,,,,,,,,,,,,,37300.,,,,,,,,,,,,,,,,,,,,,,,,,,,,,,138,2358,,,87,768,,,,,,,,4,12,10,42,3,,,,,,,,,,,,,,0.456,1.41,,1.24,0.48,0.361,0.716,,0.931,,0.626,,0.634,0.099,,,,,,,,,,,,,,,0.511908,,,,,,,,,,,,,,,,,,,,,,,,188867,
[7221],ARCHEAN CRATON (INCLUDING GREENSTONE BELTS),ALDAN SHIELD - ARCHEAN / OLONDO GREENSTONE BELT / WESTERN KOMATIITES,FLANKS OF THE WESTERN BRANCH OF OLONDO GREENSTONE BELT,57.03,57.03,120.72,120.72,SUBAERIAL,,,s 8551/3 [7221],KOMATIITE [7221],,,,ARCHEAN [7221],,,,,VOLCANIC ROCK,,,,,WHOLE_ROCK [7221] ,230912.89,2457.294,,40593.5517,,,,96385.2,69826.19,116989.75999999998,1471.4702,,581.105,3709.285,872.8420000000001,,,,,,,,,,,,,,,,36100.,,,,,,,,,,,,,,,,,,,,,,,,,,,,,,146,2457,,,85,847,,,,,,,,1,12,9,41,3,,,,,,,,,,,,,,,,,,,,,,,,,,,,,,,,,,,,,,,,,,,,,,,,,,,,,,,,,,,,,,,,,,188868,
[7221],ARCHEAN CRATON (INCLUDING GREENSTONE BELTS),ALDAN SHIELD - ARCHEAN / OLONDO GREENSTONE BELT / RED HILL AND ASBESTOS ULTRAMAFIC ROCKS,RED HILL MASSIF AND ASBESTOS BODY 1.3 KM EAST OF RED HILL MASSIF,57.03,57.03,120.72,120.72,SUBAERIAL,,,s 8713/2 [7221],NOT GIVEN [7221],,,,ARCHEAN [7221],,,,,PLUTONIC ROCK,,,,,WHOLE_ROCK [7221] ,208476.01,839.076,,22281.4671,,,,75475.83,40023.2,203827.51999999996,1703.8076,,83.015,370.9285,174.5684,,,,,,,,,,,,,,,,219000.,,,,,,,,,,,,,,,,,,,,,,,,,,,,,,73,4453,,,127,1817,,,,,,,,3,103,2,5.5,1,,,,,,,,,,,,,,,,,,,,,,,,,,,,,,,,,,,,,,,,,,,,,,,,,,,,,,,,,,,,,,,,,,188869,
[7221],ARCHEAN CRATON (INCLUDING GREENSTONE BELTS),ALDAN SHIELD - ARCHEAN / OLONDO GREENSTONE BELT / RED HILL AND ASBESTOS ULTRAMAFIC ROCKS,RED HILL MASSIF AND ASBESTOS BODY 1.3 KM EAST OF RED HILL MASSIF,57.03,57.03,120.72,120.72,SUBAERIAL,,,s 8713/3 [7221],NOT GIVEN [7221],,,,ARCHEAN [7221],,,,,PLUTONIC ROCK,,,,,WHOLE_ROCK [7221] ,197257.57000000004,341.6238,,18206.2344,,,,80061.90000000001,20440.42,238803.84,774.4580000000001,,166.03,74.1857,174.5684,,,,,,,,,,,,,,,,124000.,,,,,,,,,,,,,,,,,,,,,,,,,,,,,,38,4242,,,110,2480,,,,,,,,0,35,2,4,0,,,,,,,,,,,,,,,,,,,,,,,,,,,,,,,,,,,,,,,,,,,,,,,,,,,,,,,,,,,,,,,,,,188870,
[7221],ARCHEAN CRATON (INCLUDING GREENSTONE BELTS),ALDAN SHIELD - ARCHEAN / OLONDO GREENSTONE BELT / RED HILL AND ASBESTOS ULTRAMAFIC ROCKS,RED HILL MASSIF AND ASBESTOS BODY 1.3 KM EAST OF RED HILL MASSIF,57.03,57.03,120.72,120.72,SUBAERIAL,,,s 8713/4 [7221],DUNITE [7221],,,,ARCHEAN [7221],,,,,PLUTONIC ROCK,,,EXTENSIVELY ALTERED,,WHOLE_ROCK [7221] ,193518.09,485.4654,,6933.1881,,,,78507.3,1000.58,281619.68,1394.0244,,16.603,74.1857,174.5684,,,,,,,,,,,,,,,,75800.,,,,,,,,,,,,,,,,,,,,,,,,,,,,,,55,5753,,,152,2985,,,,,,,,0,4,2,4,0,,,,,,,,,,,,,,,,,,,,,,,,,,,,,,,,,,,,,,,,,,,,,,,,,,,,,,,,,,,,,,,,,,188871,
[7221],ARCHEAN CRATON (INCLUDING GREENSTONE BELTS),ALDAN SHIELD - ARCHEAN / OLONDO GREENSTONE BELT / RED HILL AND ASBESTOS ULTRAMAFIC ROCKS,RED HILL MASSIF AND ASBESTOS BODY 1.3 KM EAST OF RED HILL MASSIF,57.03,57.03,120.72,120.72,SUBAERIAL,,,s 86371 [7221],DUNITE [7221],,,,ARCHEAN [7221],,,,,PLUTONIC ROCK,,,EXTENSIVELY ALTERED,,WHOLE_ROCK [7221] ,193985.52500000002,419.538,,6615.637500000001,,,,79284.59999999999,3430.56,279207.51999999996,1394.0244,,16.603,74.1857,392.77889999999996,,,,,,,,,,,,,,,,76600.,,,,,,,,,,,,,,,,,,,,,,,,,,,,,,62,5676,,,148,2762,,,,,,,,0,0,0,2,0,,,,,,,,,,,,,,0.184,0.458,,0.266,0.071,0.017,0.093,,0.121,,0.096,,0.12,0.02,,,,,,,,,,,,,,,,,,,,,,,,,,,,,,,,,,,,,,,188872,
[7221],ARCHEAN CRATON (INCLUDING GREENSTONE BELTS),ALDAN SHIELD - ARCHEAN / OLONDO GREENSTONE BELT / RED HILL AND ASBESTOS ULTRAMAFIC ROCKS,RED HILL MASSIF AND ASBESTOS BODY 1.3 KM EAST OF RED HILL MASSIF,57.03,57.03,120.72,120.72,SUBAERIAL,,,s 85-1N [7221],DUNITE [7221],,,,ARCHEAN [7221],,,,,PLUTONIC ROCK,,,EXTENSIVELY ALTERED,,WHOLE_ROCK [7221] ,195387.83000000002,323.6436,,7356.5889,,,,71433.87,714.7,284634.88,1239.1328,,16.603,74.1857,235.66734,,,,,,,,,,,,,,,,70600.,,,,,,,,,,,,,,,,,,,,,,,,,,,,,,28,5747,,,120,3096,,,,,,,,0,0,1.5,2,0,,,,,,,,,,,,,,,,,,,,,,,,,,,,,,,,,,,,,,,,,,,,,,,,,,,,,,,,,,,,,,,,,,188873,
[7221],ARCHEAN CRATON (INCLUDING GREENSTONE BELTS),ALDAN SHIELD - ARCHEAN / OLONDO GREENSTONE BELT / RED HILL AND ASBESTOS ULTRAMAFIC ROCKS,RED HILL MASSIF AND ASBESTOS BODY 1.3 KM EAST OF RED HILL MASSIF,57.03,57.03,120.72,120.72,SUBAERIAL,,,s 86370 [7221],PERIDOTITE [7221],,,,ARCHEAN [7221],,,,RELICT CUMULATE TEXTURE [7221] ,PLUTONIC ROCK,,,,,WHOLE_ROCK [7221] ,192115.78500000003,329.637,,4816.1841,,,,73377.12,428.82,284031.83999999997,851.9038,,83.015,222.5571,69.82736,,,,,,,,,,,,,,,,64000.,,,,,,,,,,,,,,,,,,,,,,,,,,,,,,42,3786,,,155,3076,,,,,,,,0,3,1.5,3.5,0,,,,,,,,,,,,,,,,,0.182,0.05781,,,,,,,,,,,,,,,,,,,,,,,,0.5126,,,,,,,,,,,,,,,,,,,,,,,,188874,
[7221],ARCHEAN CRATON (INCLUDING GREENSTONE BELTS),ALDAN SHIELD - ARCHEAN / OLONDO GREENSTONE BELT / RED HILL AND ASBESTOS ULTRAMAFIC ROCKS,RED HILL MASSIF AND ASBESTOS BODY 1.3 KM EAST OF RED HILL MASSIF,57.03,57.03,120.72,120.72,SUBAERIAL,,,s 86242 [7221],PERIDOTITE [7221],,,,ARCHEAN [7221],,,,RELICT CUMULATE TEXTURE [7221] ,PLUTONIC ROCK,,,,,WHOLE_ROCK [7221] ,192583.22000000003,455.49839999999995,,4922.0343,,,,76874.97,1858.22,279810.56,929.3496,,83.015,296.7428,65.46315,,,,,,,,,,,,,,,,35600.,,,,,,,,,,,,,,,,,,,,,,,,,,,,,,52,4307,,,148,2949,,,,,,,,3,6,1,2,0,,,,,,,,,,,,,,,,,0.3002,0.1008,,,,,,,,,,,,,,,,,,,,,,,,0.512817,,,,,,,,,,,,,,,,,,,,,,,,188875,
[7221],ARCHEAN CRATON (INCLUDING GREENSTONE BELTS),ALDAN SHIELD - ARCHEAN / OLONDO GREENSTONE BELT / RED HILL AND ASBESTOS ULTRAMAFIC ROCKS,RED HILL MASSIF AND ASBESTOS BODY 1.3 KM EAST OF RED HILL MASSIF,57.03,57.03,120.72,120.72,SUBAERIAL,,,s 86243 [7221],PERIDOTITE [7221],,,,ARCHEAN [7221],,,,RELICT CUMULATE TEXTURE [7221] ,PLUTONIC ROCK,,,,,WHOLE_ROCK [7221] ,194920.39500000002,509.439,,6615.637500000001,,,,78507.3,2572.92,279207.51999999996,1394.0244,,166.03,148.3714,43.6421,,,,,,,,,,,,,,,,46100.,,,,,,,,,,,,,,,,,,,,,,,,,,,,,,30,4584,,,156,3062,,,,,,,,0,6,0,2,0,,,,,,,,,,,,,,,,,,,,,,,,,,,,,,,,,,,,,,,,,,,,,,,,,,,,,,,,,,,,,,,,,,188876,
[7221],ARCHEAN CRATON (INCLUDING GREENSTONE BELTS),ALDAN SHIELD - ARCHEAN / OLONDO GREENSTONE BELT / RED HILL AND ASBESTOS ULTRAMAFIC ROCKS,RED HILL MASSIF AND ASBESTOS BODY 1.3 KM EAST OF RED HILL MASSIF,57.03,57.03,120.72,120.72,SUBAERIAL,,,s 86245 [7221],PERIDOTITE [7221],,,,ARCHEAN [7221],,,,RELICT CUMULATE TEXTURE [7221] ,PLUTONIC ROCK,,,,,WHOLE_ROCK [7221] ,191180.915,473.4786,,6615.637500000001,,,,76486.31999999999,5360.25,283428.8,1239.1328,,33.206,74.1857,410.23574,,,,,,,,,,,,,,,,35700.,,,,,,,,,,,,,,,,,,,,,,,,,,,,,,43,2672,,,139,3066,,,,,,,,0,0,0,3,0,,,,,,,,,,,,,,0.126,0.357,,0.274,0.088,0.03,0.119,,0.149,,0.103,,0.115,0.02,,,,,,,,,,,,,,,0.512639,,,,,,,,,,,,,,,,,,,,,,,,188877,
[7221],ARCHEAN CRATON (INCLUDING GREENSTONE BELTS),ALDAN SHIELD - ARCHEAN / OLONDO GREENSTONE BELT / RED HILL AND ASBESTOS ULTRAMAFIC ROCKS,RED HILL MASSIF AND ASBESTOS BODY 1.3 KM EAST OF RED HILL MASSIF,57.03,57.03,120.72,120.72,SUBAERIAL,,,s 86246 [7221],PERIDOTITE [7221],,,,ARCHEAN [7221],,,,RELICT CUMULATE TEXTURE [7221] ,PLUTONIC ROCK,,,,,WHOLE_ROCK [7221] ,193985.52500000002,485.4654,,4974.9594,,,,69646.08,4073.7899999999995,283428.8,774.4580000000001,,166.03,296.7428,69.82736,,,,,,,,,,,,,,,,37600.,,,,,,,,,,,,,,,,,,,,,,,,,,,,,,14,1579,,,145,2983,,,,,,,,0,5,0,2,0,,,,,,,,,,,,,,,,,0.2617,0.08147,,,,,,,,,,,,,,,,,,,,,,,,0.512523,,,,,,,,,,,,,,,,,,,,,,,,188878,
[7221],ARCHEAN CRATON (INCLUDING GREENSTONE BELTS),ALDAN SHIELD - ARCHEAN / OLONDO GREENSTONE BELT / RED HILL AND ASBESTOS ULTRAMAFIC ROCKS,RED HILL MASSIF AND ASBESTOS BODY 1.3 KM EAST OF RED HILL MASSIF,57.03,57.03,120.72,120.72,SUBAERIAL,,,s 86247/1 [7221],PERIDOTITE [7221],,,,ARCHEAN [7221],,,,RELICT CUMULATE TEXTURE [7221] ,PLUTONIC ROCK,,,,,WHOLE_ROCK [7221] ,193518.09,557.3861999999999,,6351.012,,,,74309.88,7432.88,279810.56,1239.1328,,33.206,81.60426999999999,567.3473,,,,,,,,,,,,,,,,34500.,,,,,,,,,,,,,,,,,,,,,,,,,,,,,,55,5745,,,144,2866,,,,,,,,0,0,1.5,2.5,0,,,,,,,,,,,,,,0.156,0.447,,0.387,0.13,0.037,0.172,,0.204,,0.128,,0.117,,,,,,,,,,,,,,,,0.512745,,,,,,,,,,,,,,,,,,,,,,,,188879,
[7221],ARCHEAN CRATON (INCLUDING GREENSTONE BELTS),ALDAN SHIELD - ARCHEAN / OLONDO GREENSTONE BELT / RED HILL AND ASBESTOS ULTRAMAFIC ROCKS,RED HILL MASSIF AND ASBESTOS BODY 1.3 KM EAST OF RED HILL MASSIF,57.03,57.03,120.72,120.72,SUBAERIAL,,,s 8713/6 [7221],PERIDOTITE [7221],,,,ARCHEAN [7221],,,,RELICT CUMULATE TEXTURE [7221] ,PLUTONIC ROCK,,,,,WHOLE_ROCK [7221] ,200062.18,347.61719999999997,,8838.4917,,,,67314.18000000001,5789.070000000001,265337.6,929.3496,,83.015,74.1857,174.5684,,,,,,,,,,,,,,,,18100.,,,,,,,,,,,,,,,,,,,,,,,,,,,,,,15,1600,,,146,2958,,,,,,,,0,3,1.5,3,0,,,,,,,,,,,,,,,,,,,,,,,,,,,,,,,,,,,,,,,,,,,,,,,,,,,,,,,,,,,,,,,,,,188880,
[7221],ARCHEAN CRATON (INCLUDING GREENSTONE BELTS),ALDAN SHIELD - ARCHEAN / OLONDO GREENSTONE BELT / RED HILL AND ASBESTOS ULTRAMAFIC ROCKS,RED HILL MASSIF AND ASBESTOS BODY 1.3 KM EAST OF RED HILL MASSIF,57.03,57.03,120.72,120.72,SUBAERIAL,,,s 86368 [7221],PERIDOTITE [7221],,,,ARCHEAN [7221],,,,RELICT CUMULATE TEXTURE [7221] ,PLUTONIC ROCK,,,,,WHOLE_ROCK [7221] ,194920.39500000002,371.5908,,4604.4837,,,,73066.2,3644.9700000000003,278001.44,851.9038,,83.015,296.7428,69.82736,,,,,,,,,,,,,,,,22300.,,,,,,,,,,,,,,,,,,,,,,,,,,,,,,49,3097,,,156,2839,,,,,,,,0,0,0,3.5,0,,,,,,,,,,,,,,0.111,0.298,,0.233,0.07014,0.02,0.108,,0.135,,0.095,,0.115,,,,,,,,,,,,,,,,0.512748,,,,,,,,,,,,,,,,,,,,,,,,188881,
[7221],ARCHEAN CRATON (INCLUDING GREENSTONE BELTS),ALDAN SHIELD - ARCHEAN / OLONDO GREENSTONE BELT / RED HILL AND ASBESTOS ULTRAMAFIC ROCKS,RED HILL MASSIF AND ASBESTOS BODY 1.3 KM EAST OF RED HILL MASSIF,57.03,57.03,120.72,120.72,SUBAERIAL,,,s 86367 [7221],OLIVINITE [7221],,,,ARCHEAN [7221],,,,,PLUTONIC ROCK,,,,,WHOLE_ROCK [7221] ,190713.48,383.57759999999996,,4022.3076,,,,92498.7,12149.9,268352.8,1626.3618,,83.015,148.3714,436.42100000000005,,,,,,,,,,,,,,,,15200.,,,,,,,,,,,,,,,,,,,,,,,,,,,,,,54,5354,,,156,2607,,,,,,,,0,0,0,3.5,0,,,,,,,,,,,,,,0.226,0.58,,0.3289,0.109,0.034,0.139,,0.163,,0.104,,0.1,0.016,,,,,,,,,,,,,,,0.51229,,,,,,,,,,,,,,,,,,,,,,,,188882,
[7221],ARCHEAN CRATON (INCLUDING GREENSTONE BELTS),ALDAN SHIELD - ARCHEAN / OLONDO GREENSTONE BELT / RED HILL AND ASBESTOS ULTRAMAFIC ROCKS,RED HILL MASSIF AND ASBESTOS BODY 1.3 KM EAST OF RED HILL MASSIF,57.03,57.03,120.72,120.72,SUBAERIAL,,,s 8724/2 [7221],OLIVINITE [7221],,,,ARCHEAN [7221],,,,,PLUTONIC ROCK,,,,,WHOLE_ROCK [7221] ,188376.305,323.6436,,3810.6072,,,,102603.59999999999,9148.16,267146.72,1548.9160000000002,,33.206,74.1857,178.93261,,,,,,,,,,,,,,,,20700.,,,,,,,,,,,,,,,,,,,,,,,,,,,,,,28,5732,,,150,2515,,,,,,,,0,0,0,3,0,,,,,,,,,,,,,,,,,,,,,,,,,,,,,,,,,,,,,,,,,,,,,,,,,,,,,,,,,,,,,,,,,,188883,
[7221],ARCHEAN CRATON (INCLUDING GREENSTONE BELTS),ALDAN SHIELD - ARCHEAN / OLONDO GREENSTONE BELT / RED HILL AND ASBESTOS ULTRAMAFIC ROCKS,RED HILL MASSIF AND ASBESTOS BODY 1.3 KM EAST OF RED HILL MASSIF,57.03,57.03,120.72,120.72,SUBAERIAL,,,s 86365 [7221],OLIVINITE [7221],,,,ARCHEAN [7221],,,,,PLUTONIC ROCK,,,,,WHOLE_ROCK [7221] ,191648.35,269.703,,4498.6335,,,,113485.8,142.94,254482.88,1316.5786,,83.015,222.5571,74.19157000000001,,,,,,,,,,,,,,,,58900.,,,,,,,,,,,,,,,,,,,,,,,,,,,,,,51,4958,,,173,2428,,,,,,,,0,6,1,3.8,0,,,,,,,,,,,,,,,,,,,,,,,,,,,,,,,,,,,,,,,,,,,,,,,,,,,,,,,,,,,,,,,,,,188884,
[7221],ARCHEAN CRATON (INCLUDING GREENSTONE BELTS),ALDAN SHIELD - ARCHEAN / OLONDO GREENSTONE BELT / RED HILL AND ASBESTOS ULTRAMAFIC ROCKS,RED HILL MASSIF AND ASBESTOS BODY 1.3 KM EAST OF RED HILL MASSIF,57.03,57.03,120.72,120.72,SUBAERIAL,,,s 86363 [7221],OLIVINITE [7221],,,,ARCHEAN [7221],,,,,PLUTONIC ROCK,,,,,WHOLE_ROCK [7221] ,192115.78500000003,383.57759999999996,,5080.8096,,,,87834.90000000001,2072.6299999999997,277398.39999999997,1394.0244,,33.206,89.02284,370.95785,,,,,,,,,,,,,,,,38200.,,,,,,,,,,,,,,,,,,,,,,,,,,,,,,33,5590,,,162,2589,,,,,,,,0,6,0,2,0,,,,,,,,,,,,,,0.17,0.386,,0.225,0.064,0.008,0.084,,0.107,,0.072,,0.08,,,,,,,,,,,,,,,,,,,,,,,,,,,,,,,,,,,,,,,,188885,
[7221],ARCHEAN CRATON (INCLUDING GREENSTONE BELTS),ALDAN SHIELD - ARCHEAN / OLONDO GREENSTONE BELT / RED HILL AND ASBESTOS ULTRAMAFIC ROCKS,RED HILL MASSIF AND ASBESTOS BODY 1.3 KM EAST OF RED HILL MASSIF,57.03,57.03,120.72,120.72,SUBAERIAL,,,s 86358 [7221],DUNITE [7221],,,,ARCHEAN [7221],,,,,PLUTONIC ROCK,,,SLIGHTLY ALTERED,,WHOLE_ROCK [7221] ,196322.7,227.74919999999997,,4075.2327000000005,,,,59541.18,11149.32,288253.11999999994,1006.7954,,24.9045,74.1857,218.21050000000002,,,,,,,,,,,,,,,,15100.,,,,,,,,,,,,,,,,,,,,,,,,,,,,,,32,2244,,,129,3075,,,,,,,,0,4,0,1.5,0,,,,,,,,,,,,,,0.177,0.447,,0.2777,0.07679,0.033,0.101,,0.121,,0.08,,0.083,,,,,,,,,,,,,,,,0.512157,,,,,,,,,,,,,,,,,,,,,,,,188886,
[7221],ARCHEAN CRATON (INCLUDING GREENSTONE BELTS),ALDAN SHIELD - ARCHEAN / OLONDO GREENSTONE BELT / RED HILL AND ASBESTOS ULTRAMAFIC ROCKS,RED HILL MASSIF AND ASBESTOS BODY 1.3 KM EAST OF RED HILL MASSIF,57.03,57.03,120.72,120.72,SUBAERIAL,,,s 85-17A [7221],PERIDOTITE [7221],,,,ARCHEAN [7221],,,,RELICT CUMULATE TEXTURE [7221] ,PLUTONIC ROCK,,,,,WHOLE_ROCK [7221] ,196322.7,449.50499999999994,,6033.4614,,,,76719.51,9219.630000000001,273780.16,1084.2412000000002,,24.9045,89.02284,322.95153999999997,,,,,,,,,,,,,,,,34900.,,,,,,,,,,,,,,,,,,,,,,,,,,,,,,25,5735,,,150,2621,,,,,,,,0,10,0,2,0,,,,,,,,,,,,,,,,,,,,,,,,,,,,,,,,,,,,,,,,,,,,,,,,,,,,,,,,,,,,,,,,,,188887,
[7221],ARCHEAN CRATON (INCLUDING GREENSTONE BELTS),ALDAN SHIELD - ARCHEAN / OLONDO GREENSTONE BELT / RED HILL AND ASBESTOS ULTRAMAFIC ROCKS,RED HILL MASSIF AND ASBESTOS BODY 1.3 KM EAST OF RED HILL MASSIF,57.03,57.03,120.72,120.72,SUBAERIAL,,,s 85-17B [7221],OLIVINITE [7221],,,,ARCHEAN [7221],,,,,PLUTONIC ROCK,,,,,WHOLE_ROCK [7221] ,195387.83000000002,257.71619999999996,,3863.5323,,,,82393.8,7718.76,274986.24,1239.1328,,24.9045,81.60426999999999,187.66102999999998,,,,,,,,,,,,,,,,55700.,,,,,,,,,,,,,,,,,,,,,,,,,,,,,,28,5438,,,141,2617,,,,,,,,1,9,0,2,0,,,,,,,,,,,,,,,,,,,,,,,,,,,,,,,,,,,,,,,,,,,,,,,,,,,,,,,,,,,,,,,,,,188888,
[7221],ARCHEAN CRATON (INCLUDING GREENSTONE BELTS),ALDAN SHIELD - ARCHEAN / OLONDO GREENSTONE BELT / RED HILL AND ASBESTOS ULTRAMAFIC ROCKS,RED HILL MASSIF AND ASBESTOS BODY 1.3 KM EAST OF RED HILL MASSIF,57.03,57.03,120.72,120.72,SUBAERIAL,,,s 85-18A [7221],OLIVINITE [7221],,,,ARCHEAN [7221],,,,,PLUTONIC ROCK,,,,,WHOLE_ROCK [7221] ,185571.69500000004,221.75579999999997,,1905.3036,,,,110376.59999999999,4145.259999999999,269558.88,2091.0366,,33.206,96.44140999999999,523.7052,,,,,,,,,,,,,,,,16600.,,,,,,,,,,,,,,,,,,,,,,,,,,,,,,27,2668,,,157,2642,,,,,,,,2,8,0,1.5,0,,,,,,,,,,,,,,,,,,,,,,,,,,,,,,,,,,,,,,,,,,,,,,,,,,,,,,,,,,,,,,,,,,188889,
[7221],ARCHEAN CRATON (INCLUDING GREENSTONE BELTS),ALDAN SHIELD - ARCHEAN / OLONDO GREENSTONE BELT / RED HILL AND ASBESTOS ULTRAMAFIC ROCKS,RED HILL MASSIF AND ASBESTOS BODY 1.3 KM EAST OF RED HILL MASSIF,57.03,57.03,120.72,120.72,SUBAERIAL,,,s 85-18B [7221],OLIVINITE [7221],,,,ARCHEAN [7221],,,,,PLUTONIC ROCK,,,,,WHOLE_ROCK [7221] ,193050.655,305.66339999999997,,3387.2064,,,,75242.64,5074.37,285840.95999999996,1548.9160000000002,,24.9045,74.1857,183.29682000000003,,,,,,,,,,,,,,,,33400.,,,,,,,,,,,,,,,,,,,,,,,,,,,,,,22,4545,,,122,2958,,,,,,,,0,6,1,2,0,,,,,,,,,,,,,,,,,,,,,,,,,,,,,,,,,,,,,,,,,,,,,,,,,,,,,,,,,,,,,,,,,,188890,
[7221],ARCHEAN CRATON (INCLUDING GREENSTONE BELTS),ALDAN SHIELD - ARCHEAN / OLONDO GREENSTONE BELT / RED HILL AND ASBESTOS ULTRAMAFIC ROCKS,RED HILL MASSIF AND ASBESTOS BODY 1.3 KM EAST OF RED HILL MASSIF,57.03,57.03,120.72,120.72,SUBAERIAL,,,s 8716/3 [7221],DUNITE [7221],,,,ARCHEAN [7221],,,,,PLUTONIC ROCK,,,,,WHOLE_ROCK [7221] ,196322.7,185.7954,,5715.910800000001,,,,66614.61,285.88,287047.04,619.5664,,83.015,74.1857,174.5684,,,,,,,,,,,,,,,,109000.,,,,,,,,,,,,,,,,,,,,,,,,,,,,,,35,2349,,,160,3285,,,,,,,,1,3,0,2,0,,,,,,,,,,,,,,,,,,,,,,,,,,,,,,,,,,,,,,,,,,,,,,,,,,,,,,,,,,,,,,,,,,188891,
[7221],ARCHEAN CRATON (INCLUDING GREENSTONE BELTS),ALDAN SHIELD - ARCHEAN / OLONDO GREENSTONE BELT / RED HILL AND ASBESTOS ULTRAMAFIC ROCKS,RED HILL MASSIF AND ASBESTOS BODY 1.3 KM EAST OF RED HILL MASSIF,57.03,57.03,120.72,120.72,SUBAERIAL,,,s 8716/4 [7221],DUNITE [7221],,,,ARCHEAN [7221],,,,,PLUTONIC ROCK,,,,,WHOLE_ROCK [7221] ,199127.31000000003,101.8878,,5610.060600000001,,,,72444.36,357.35,275589.28,619.5664,,166.03,74.1857,174.5684,,,,,,,,,,,,,,,,53600.,,,,,,,,,,,,,,,,,,,,,,,,,,,,,,23,2207,,,180,3051,,,,,,,,3,2,0,3,0,,,,,,,,,,,,,,,,,,,,,,,,,,,,,,,,,,,,,,,,,,,,,,,,,,,,,,,,,,,,,,,,,,188892,
[7221],ARCHEAN CRATON (INCLUDING GREENSTONE BELTS),ALDAN SHIELD - ARCHEAN / OLONDO GREENSTONE BELT / RED HILL AND ASBESTOS ULTRAMAFIC ROCKS,RED HILL MASSIF AND ASBESTOS BODY 1.3 KM EAST OF RED HILL MASSIF,57.03,57.03,120.72,120.72,SUBAERIAL,,,s 8716/5 [7221],DUNITE [7221],,,,ARCHEAN [7221],,,,,PLUTONIC ROCK,,,,,WHOLE_ROCK [7221] ,192115.78500000003,161.8218,,6509.7873,,,,65915.04000000001,142.94,289459.19999999995,774.4580000000001,,83.015,74.1857,174.5684,,,,,,,,,,,,,,,,33300.,,,,,,,,,,,,,,,,,,,,,,,,,,,,,,25,1968,,,191,3229,,,,,,,,1,2,0,0,0,,,,,,,,,,,,,,,,,,,,,,,,,,,,,,,,,,,,,,,,,,,,,,,,,,,,,,,,,,,,,,,,,,188893,
[7221],ARCHEAN CRATON (INCLUDING GREENSTONE BELTS),ALDAN SHIELD - ARCHEAN / OLONDO GREENSTONE BELT / RED HILL AND ASBESTOS ULTRAMAFIC ROCKS,RED HILL MASSIF AND ASBESTOS BODY 1.3 KM EAST OF RED HILL MASSIF,57.03,57.03,120.72,120.72,SUBAERIAL,,,s 8716/8 [7221],DUNITE [7221],,,,ARCHEAN [7221],,,,,PLUTONIC ROCK,,,,,WHOLE_ROCK [7221] ,189311.17500000002,41.9538,,4974.9594,,,,61484.43,857.64,292474.39999999997,929.3496,,83.015,445.1142,174.5684,,,,,,,,,,,,,,,,11200.000000000002,,,,,,,,,,,,,,,,,,,,,,,,,,,,,,22,2257,,,161,3335,,,,,,,,0,3,0,0,0,,,,,,,,,,,,,,,,,,,,,,,,,,,,,,,,,,,,,,,,,,,,,,,,,,,,,,,,,,,,,,,,,,188894,
[7221],ARCHEAN CRATON (INCLUDING GREENSTONE BELTS),ALDAN SHIELD - ARCHEAN / OLONDO GREENSTONE BELT / RED HILL AND ASBESTOS ULTRAMAFIC ROCKS,RED HILL MASSIF AND ASBESTOS BODY 1.3 KM EAST OF RED HILL MASSIF,57.03,57.03,120.72,120.72,SUBAERIAL,,,s 8716/9 [7221],DUNITE [7221],,,,ARCHEAN [7221],,,,,PLUTONIC ROCK,,,,,WHOLE_ROCK [7221] ,187441.43500000003,95.89439999999999,,1534.8279,,,,58064.31,643.23,303932.16,929.3496,,83.015,74.1857,174.5684,,,,,,,,,,,,,,,,8200.,,,,,,,,,,,,,,,,,,,,,,,,,,,,,,14,2247,,,145,3210,,,,,,,,0,2,0,0,0,,,,,,,,,,,,,,,,,,,,,,,,,,,,,,,,,,,,,,,,,,,,,,,,,,,,,,,,,,,,,,,,,,188895,
[7221],ARCHEAN CRATON (INCLUDING GREENSTONE BELTS),ALDAN SHIELD - ARCHEAN / OLONDO GREENSTONE BELT / WESTERN THOLEIITIC METABASALTS AND GABBROIDS,FLANKS OF WESTERN BRANCHE OF OLONDO GREENSTONE BELT,57.03,57.03,120.72,120.72,SUBAERIAL,,,s 8569/2 [7221],"BASALT, THOLEIITIC [7221]",,,,ARCHEAN [7221],,,,,VOLCANIC ROCK,,,,,WHOLE_ROCK [7221] ,230445.45500000002,5094.389999999999,,80446.152,,,,93276,87193.4,52042.352,1471.4702,,1411.255,8753.9126,1091.0525,,,,,,,,,,,,,,,,17800.,,,,,,,,,,,,,,,,,,,,,,,,,,,,,,247,420,,,54,148,,,,,,,,1,92,20,45,3,,,,,,,,,,,,,,,,,,,,,,,,,,,,,,,,,,,,,,,,,,,,,,,,,,,,,,,,,,,,,,,,,,188896,
[7221],ARCHEAN CRATON (INCLUDING GREENSTONE BELTS),ALDAN SHIELD - ARCHEAN / OLONDO GREENSTONE BELT / WESTERN THOLEIITIC METABASALTS AND GABBROIDS,FLANKS OF WESTERN BRANCHE OF OLONDO GREENSTONE BELT,57.03,57.03,120.72,120.72,SUBAERIAL,,,s 8569/3 [7221],"BASALT, THOLEIITIC [7221]",,,,ARCHEAN [7221],,,,,VOLCANIC ROCK,,,,,WHOLE_ROCK [7221] ,233717.50000000003,4734.786,,78858.399,,,,89389.5,87193.4,53429.34399999999,1394.0244,,1826.33,8382.9841,872.8420000000001,,,,,,,,,,,,,,,,18700.,,,,,,,,,,,,,,,,,,,,,,,,,,,,,,234,387,,,63,155,,,,,,,,1,234,17,38,1,,,,,,,,,,,,,,,,,,,,,,,,,,,,,,,,,,,,,,,,,,,,,,,,,,,,,,,,,,,,,,,,,,188897,
[7221],ARCHEAN CRATON (INCLUDING GREENSTONE BELTS),ALDAN SHIELD - ARCHEAN / OLONDO GREENSTONE BELT / WESTERN THOLEIITIC METABASALTS AND GABBROIDS,FLANKS OF WESTERN BRANCHE OF OLONDO GREENSTONE BELT,57.03,57.03,120.72,120.72,SUBAERIAL,,,s 8523 [7221],"BASALT, THOLEIITIC [7221]",,,,ARCHEAN [7221],,,,,VOLCANIC ROCK,,,,,WHOLE_ROCK [7221] ,228575.71500000003,4974.521999999999,,80975.403,,,,92498.7,85049.3,50595.056,1394.0244,,2739.4950000000003,16172.482600000001,785.5577999999999,,,,,,,,,,,,,,,,16000.,,,,,,,,,,,,,,,,,,,,,,,,,,,,,,257,310,,,46,117,,,,,,,,1,140,19,42,2,,,,,,,,,,,,,,,,,,,,,,,,,,,,,,,,,,,,,,,,,,,,,,,,,,,,,,,,,,,,,,,,,,188898,
[7221],ARCHEAN CRATON (INCLUDING GREENSTONE BELTS),ALDAN SHIELD - ARCHEAN / OLONDO GREENSTONE BELT / WESTERN THOLEIITIC METABASALTS AND GABBROIDS,FLANKS OF WESTERN BRANCHE OF OLONDO GREENSTONE BELT,57.03,57.03,120.72,120.72,SUBAERIAL,,,s 8528 [7221],"BASALT, THOLEIITIC [7221]",,,,ARCHEAN [7221],,,,,VOLCANIC ROCK,,,,,WHOLE_ROCK [7221] ,222499.06000000003,6472.872,,80975.403,,,,104935.5,82905.2,48785.935999999994,1394.0244,,2407.435,16469.2254,741.9157,,,,,,,,,,,,,,,,17000.,,,,,,,,,,,,,,,,,,,,,,,,,,,,,,309,336,,,62,112,,,,,,,,2,93,25,47,2,,,,,,,,,,,,,,,,,,,,,,,,,,,,,,,,,,,,,,,,,,,,,,,,,,,,,,,,,,,,,,,,,,188899,
[7221],ARCHEAN CRATON (INCLUDING GREENSTONE BELTS),ALDAN SHIELD - ARCHEAN / OLONDO GREENSTONE BELT / WESTERN THOLEIITIC METABASALTS AND GABBROIDS,FLANKS OF WESTERN BRANCHE OF OLONDO GREENSTONE BELT,57.03,57.03,120.72,120.72,SUBAERIAL,,,s 89101/1 [7221],"BASALT, THOLEIITIC [7221]",,,,ARCHEAN [7221],,,,,VOLCANIC ROCK,,,,,WHOLE_ROCK [7221] ,225303.67000000004,6293.07,,79916.901,,,,108044.7,84334.6,49509.584,1471.4702,,1992.36,7641.1271,1091.0525,,,,,,,,,,,,,,,,21200.,,,,,,,,,,,,,,,,,,,,,,,,,,,,,,362,340,,,60,125,,,,,,,,1,263,25,49,2,,,,,,,,,,,,,,,,,7.304,2.343,,,,,,,,,,,,,,,,,,,,,,,,0.512692,,,,,,,,,,,,,,,,,,,,,,,,188900,
[7221],ARCHEAN CRATON (INCLUDING GREENSTONE BELTS),ALDAN SHIELD - ARCHEAN / OLONDO GREENSTONE BELT / WESTERN THOLEIITIC METABASALTS AND GABBROIDS,FLANKS OF WESTERN BRANCHE OF OLONDO GREENSTONE BELT,57.03,57.03,120.72,120.72,SUBAERIAL,,,s 89101/2 [7221],"BASALT, THOLEIITIC [7221]",,,,ARCHEAN [7221],,,,,VOLCANIC ROCK,,,,,WHOLE_ROCK [7221] ,226705.975,6592.74,,80975.403,,,,103380.90000000001,82905.2,47338.63999999999,1471.4702,,2158.39,11943.8977,1091.0525,,,,,,,,,,,,,,,,18100.,,,,,,,,,,,,,,,,,,,,,,,,,,,,,,305,298,,,53,115,,,,,,,,2,162,26,51,2,,,,,,,,,,,,,,,,,6.995,2.307,,,,,,,,,,,,,,,,,,,,,,,,0.51281,,,,,,,,,,,,,,,,,,,,,,,,188901,
[7221],ARCHEAN CRATON (INCLUDING GREENSTONE BELTS),ALDAN SHIELD - ARCHEAN / OLONDO GREENSTONE BELT / WESTERN THOLEIITIC METABASALTS AND GABBROIDS,FLANKS OF WESTERN BRANCHE OF OLONDO GREENSTONE BELT,57.03,57.03,120.72,120.72,SUBAERIAL,,,s 8548/4 [7221],"BASALT, THOLEIITIC [7221]",,,,ARCHEAN [7221],,,,,VOLCANIC ROCK,,,,,WHOLE_ROCK [7221] ,226238.54,5933.465999999999,,80446.152,,,,105712.8,82190.5,46554.687999999995,1471.4702,,2988.54,13872.7259,829.1999000000001,,,,,,,,,,,,,,,,23800.,,,,,,,,,,,,,,,,,,,,,,,,,,,,,,301,309,,,60,112,,,,,,,,4,324,21,52,2,,,,,,,,,,,,,,,,,,,,,,,,,,,,,,,,,,,,,,,,,,,,,,,,,,,,,,,,,,,,,,,,,,188902,
[7221],ARCHEAN CRATON (INCLUDING GREENSTONE BELTS),ALDAN SHIELD - ARCHEAN / OLONDO GREENSTONE BELT / WESTERN THOLEIITIC METABASALTS AND GABBROIDS,FLANKS OF WESTERN BRANCHE OF OLONDO GREENSTONE BELT,57.03,57.03,120.72,120.72,SUBAERIAL,,,s 8553 [7221],"BASALT, THOLEIITIC [7221]",,,,ARCHEAN [7221],,,,,VOLCANIC ROCK,,,,,WHOLE_ROCK [7221] ,228575.71500000003,5394.0599999999995,,79916.901,,,,98717.09999999999,84334.6,48303.50399999999,1548.9160000000002,,2739.4950000000003,13724.3545,785.5577999999999,,,,,,,,,,,,,,,,22000.,,,,,,,,,,,,,,,,,,,,,,,,,,,,,,402,317,,,67,123,,,,,,,,1,152,19,49,1,,,,,,,,,,,,,,,,,,,,,,,,,,,,,,,,,,,,,,,,,,,,,,,,,,,,,,,,,,,,,,,,,,188903,
[7221],ARCHEAN CRATON (INCLUDING GREENSTONE BELTS),ALDAN SHIELD - ARCHEAN / OLONDO GREENSTONE BELT / WESTERN THOLEIITIC METABASALTS AND GABBROIDS,FLANKS OF WESTERN BRANCHE OF OLONDO GREENSTONE BELT,57.03,57.03,120.72,120.72,SUBAERIAL,,,s 8580 [7221],"BASALT, THOLEIITIC [7221]",,,,ARCHEAN [7221],,,,,VOLCANIC ROCK,,,,,WHOLE_ROCK [7221] ,229978.02000000002,4674.852,,79387.65000000001,,,,97162.5,87193.4,50655.36,1548.9160000000002,,1079.195,11053.6693,610.9894,,,,,,,,,,,,,,,,21700.,,,,,,,,,,,,,,,,,,,,,,,,,,,,,,283,394,,,51,154,,,,,,,,1,91,18,44,1,,,,,,,,,,,,,,,,,,,,,,,,,,,,,,,,,,,,,,,,,,,,,,,,,,,,,,,,,,,,,,,,,,188904,
[7221],ARCHEAN CRATON (INCLUDING GREENSTONE BELTS),ALDAN SHIELD - ARCHEAN / OLONDO GREENSTONE BELT / WESTERN THOLEIITIC METABASALTS AND GABBROIDS,FLANKS OF WESTERN BRANCHE OF OLONDO GREENSTONE BELT,57.03,57.03,120.72,120.72,SUBAERIAL,,,s 8530 [7221],NOT GIVEN [7221],,,,ARCHEAN [7221],,,,,PLUTONIC ROCK,,,,,WHOLE_ROCK [7221] ,227640.84500000003,4315.248,,82033.905,,,,93276,86478.7,51861.439999999995,1471.4702,,1743.3149999999998,13724.3545,872.8420000000001,,,,,,,,,,,,,,,,13300.,,,,,,,,,,,,,,,,,,,,,,,,,,,,,,201,375,,,55,127,,,,,,,,1,104,18,38,1,,,,,,,,,,,,,,,,,,,,,,,,,,,,,,,,,,,,,,,,,,,,,,,,,,,,,,,,,,,,,,,,,,188907,
[7221],ARCHEAN CRATON (INCLUDING GREENSTONE BELTS),ALDAN SHIELD - ARCHEAN / OLONDO GREENSTONE BELT / WESTERN THOLEIITIC METABASALTS AND GABBROIDS,FLANKS OF WESTERN BRANCHE OF OLONDO GREENSTONE BELT,57.03,57.03,120.72,120.72,SUBAERIAL,,,s 85139 [7221],NOT GIVEN [7221],,,,ARCHEAN [7221],,,,,PLUTONIC ROCK,,,,,WHOLE_ROCK [7221] ,229510.58500000002,4195.379999999999,,81504.65400000001,,,,81616.5,90766.9,57349.10399999999,1394.0244,,747.135,12611.569,785.5577999999999,,,,,,,,,,,,,,,,17000.,,,,,,,,,,,,,,,,,,,,,,,,,,,,,,242,489,,,44,160,,,,,,,,1,91,16,37,1,,,,,,,,,,,,,,,,,,,,,,,,,,,,,,,,,,,,,,,,,,,,,,,,,,,,,,,,,,,,,,,,,,188908,
[7221],ARCHEAN CRATON (INCLUDING GREENSTONE BELTS),ALDAN SHIELD - ARCHEAN / OLONDO GREENSTONE BELT / WESTERN THOLEIITIC METABASALTS AND GABBROIDS,FLANKS OF WESTERN BRANCHE OF OLONDO GREENSTONE BELT,57.03,57.03,120.72,120.72,SUBAERIAL,,,s 85140 [7221],NOT GIVEN [7221],,,,ARCHEAN [7221],,,,,PLUTONIC ROCK,,,,,WHOLE_ROCK [7221] ,230912.89,4075.512,,80446.152,,,,73221.66,93625.7,60907.03999999999,1316.5786,,581.105,12759.9404,741.9157,,,,,,,,,,,,,,,,13000.,,,,,,,,,,,,,,,,,,,,,,,,,,,,,,256,520,,,43,183,,,,,,,,1,104,15,35,2,,,,,,,,,,,,,,0.985,2.89,,2.65,0.98,0.459,1.41,,1.75,,1.11,,1.04,,,,,,,,,,,,,,,,0.513251,,,,,,,,,,,,,,,,,,,,,,,,188909,
[7221],ARCHEAN CRATON (INCLUDING GREENSTONE BELTS),ALDAN SHIELD - ARCHEAN / OLONDO GREENSTONE BELT / EASTERN THOLEIITIC METABASALTS,FLANKS OF EASTERN BRANCH OF OLONDO GREENSTONE BELT,57.03,57.03,120.72,120.72,SUBAERIAL,,,s 89109/2 [7221],"BASALT, THOLEIITIC [7221]",,,,ARCHEAN [7221],,,,,VOLCANIC ROCK,,,,,WHOLE_ROCK [7221] ,235587.24000000002,6832.475999999999,,80446.152,,,,97939.8,81475.8,44021.92,1471.4702,,1660.3000000000002,10237.6266,1047.4104,,,,,,,,,,,,,,,,17400.,,,,,,,,,,,,,,,,,,,,,,,,,,,,,,264,290,,,49,127,,,,,,,,1,104,26,58,3,,,,,,,,,,,,,,,,,,,,,,,,,,,,,,,,,,,,,,,,,,,,,,,14.906,,14.837,,34.646,,,,,,,,,,,,,,,188912,
[7221],ARCHEAN CRATON (INCLUDING GREENSTONE BELTS),ALDAN SHIELD - ARCHEAN / OLONDO GREENSTONE BELT / EASTERN THOLEIITIC METABASALTS,FLANKS OF EASTERN BRANCH OF OLONDO GREENSTONE BELT,57.03,57.03,120.72,120.72,SUBAERIAL,,,s 8708/3 [7221],"BASALT, THOLEIITIC [7221]",,,,ARCHEAN [7221],,,,,VOLCANIC ROCK,,,,,WHOLE_ROCK [7221] ,233717.50000000003,5094.389999999999,,77799.897,,,,101049,83619.9,50896.575999999994,1548.9160000000002,,2490.45,11869.712,872.8420000000001,,,,,,,,,,,,,,,,20900.,,,,,,,,,,,,,,,,,,,,,,,,,,,,,,306,421,,,60,160,,,,,,,,2,95,19,49,1.4,,,,,,,,,,,,,,3.63,9.9,,7.7,2.56,0.913,3.34,,4.04,,2.53,,2.39,,,,,,,,,,,,,,,,,,,,,,,,,,,,,,,,,,,,,,,,188913,
[7221],ARCHEAN CRATON (INCLUDING GREENSTONE BELTS),ALDAN SHIELD - ARCHEAN / OLONDO GREENSTONE BELT / EASTERN THOLEIITIC METABASALTS,FLANKS OF EASTERN BRANCH OF OLONDO GREENSTONE BELT,57.03,57.03,120.72,120.72,SUBAERIAL,,,s 105/2 [7221],"BASALT, THOLEIITIC [7221]",,,,ARCHEAN [7221],,,,,VOLCANIC ROCK,,,,,WHOLE_ROCK [7221] ,235119.805,6712.608,,80975.403,,,,95607.90000000001,81475.8,43780.704,1394.0244,,1245.225,12908.3118,1091.0525,,,,,,,,,,,,,,,,27200.000000000004,,,,,,,,,,,,,,,,,,,,,,,,,,,,,,268,338,,,52,118,,,,,,,,2,126,24,58,2,,,,,,,,,,,,,,,,,,,,,,,,,,,,,,,,,,,,,,,,,,,,,,,,,,,,,,,,,,,,,,,,,,188917,
[7221],ARCHEAN CRATON (INCLUDING GREENSTONE BELTS),ALDAN SHIELD - ARCHEAN / OLONDO GREENSTONE BELT / EASTERN THOLEIITIC METABASALTS,FLANKS OF EASTERN BRANCH OF OLONDO GREENSTONE BELT,57.03,57.03,120.72,120.72,SUBAERIAL,,,s 105/3 [7221],"BASALT, THOLEIITIC [7221]",,,,ARCHEAN [7221],,,,,VOLCANIC ROCK,,,,,WHOLE_ROCK [7221] ,231380.325,6532.8060000000005,,82033.905,,,,98717.09999999999,77902.3,43177.664,1548.9160000000002,,3237.585,17582.0109,1047.4104,,,,,,,,,,,,,,,,39700.,,,,,,,,,,,,,,,,,,,,,,,,,,,,,,227,280,,,46,134,,,,,,,,8,202,23,62,2,,,,,,,,,,,,,,,,,,,,,,,,,,,,,,,,,,,,,,,,,,,,,,,,,,,,,,,,,,,,,,,,,,188918,
[7221],ARCHEAN CRATON (INCLUDING GREENSTONE BELTS),ALDAN SHIELD - ARCHEAN / OLONDO GREENSTONE BELT / EASTERN THOLEIITIC METABASALTS,FLANKS OF EASTERN BRANCH OF OLONDO GREENSTONE BELT,57.03,57.03,120.72,120.72,SUBAERIAL,,,s 105/4 [7221],"BASALT, THOLEIITIC [7221]",,,,ARCHEAN [7221],,,,,VOLCANIC ROCK,,,,,WHOLE_ROCK [7221] ,231380.325,6293.07,,82563.156,,,,97162.5,80046.4,43961.615999999995,1548.9160000000002,,1411.255,16765.9682,1047.4104,,,,,,,,,,,,,,,,42900.,,,,,,,,,,,,,,,,,,,,,,,,,,,,,,278,337,,,57,137,,,,,,,,1,194,22,57,2,,,,,,,,,,,,,,,,,,,,,,,,,,,,,,,,,,,,,,,,,,,,,,,,,,,,,,,,,,,,,,,,,,188919,
[7221],ARCHEAN CRATON (INCLUDING GREENSTONE BELTS),ALDAN SHIELD - ARCHEAN / OLONDO GREENSTONE BELT / EASTERN THOLEIITIC METABASALTS,FLANKS OF EASTERN BRANCH OF OLONDO GREENSTONE BELT,57.03,57.03,120.72,120.72,SUBAERIAL,,,s 105/5 [7221],"BASALT, THOLEIITIC [7221]",,,,ARCHEAN [7221],,,,,VOLCANIC ROCK,,,,,WHOLE_ROCK [7221] ,236989.54500000004,7252.013999999999,,79387.65000000001,,,,102603.59999999999,79331.7,42695.231999999996,1703.8076,,1992.36,7715.3128,1309.263,,,,,,,,,,,,,,,,28200.,,,,,,,,,,,,,,,,,,,,,,,,,,,,,,237,298,,,51,123,,,,,,,,1,82,25,64,3,,,,,,,,,,,,,,,,,6.89,2.309,,,,,,,,,,,,,,,,,,,,,,,,0.512876,,,,,,,,,,,,,,,,,,,,,,,,188920,
[7221],ARCHEAN CRATON (INCLUDING GREENSTONE BELTS),ALDAN SHIELD - ARCHEAN / OLONDO GREENSTONE BELT / EASTERN THOLEIITIC METABASALTS,FLANKS OF EASTERN BRANCH OF OLONDO GREENSTONE BELT,57.03,57.03,120.72,120.72,SUBAERIAL,,,s 106/1 [7221],"BASALT, THOLEIITIC [7221]",,,,ARCHEAN [7221],,,,,VOLCANIC ROCK,,,,,WHOLE_ROCK [7221] ,233250.065,6472.872,,80446.152,,,,97162.5,82190.5,45047.087999999996,1471.4702,,1328.24,13353.426,1003.7683000000001,,,,,,,,,,,,,,,,24600.,,,,,,,,,,,,,,,,,,,,,,,,,,,,,,250,308,,,52,146,,,,,,,,1,111,23,56,2,,,,,,,,,,,,,,,,,,,,,,,,,,,,,,,,,,,,,,,,,,,,,,,,,,,,,,,,,,,,,,,,,,188921,
[7221],ARCHEAN CRATON (INCLUDING GREENSTONE BELTS),ALDAN SHIELD - ARCHEAN / OLONDO GREENSTONE BELT / EASTERN THOLEIITIC METABASALTS,FLANKS OF EASTERN BRANCH OF OLONDO GREENSTONE BELT,57.03,57.03,120.72,120.72,SUBAERIAL,,,s 89106/4 [7221],"BASALT, THOLEIITIC [7221]",,,,ARCHEAN [7221],,,,,VOLCANIC ROCK,,,,,WHOLE_ROCK [7221] ,234184.93500000003,6293.07,,80975.403,,,,101826.3,81475.8,44624.96,1626.3618,,1411.255,7863.6842,1178.3367,,,,,,,,,,,,,,,,39500.,,,,,,,,,,,,,,,,,,,,,,,,,,,,,,254,332,,,51,136,,,,,,,,1,87,24,61,3,,,,,,,,,,,,,,,,,,,,,,,,,,,,,,,,,,,,,,,,,,,,,,,,,,,,,,,,,,,,,,,,,,188923,
[7221],ARCHEAN CRATON (INCLUDING GREENSTONE BELTS),ALDAN SHIELD - ARCHEAN / OLONDO GREENSTONE BELT / NORTHERN THOLEIITIC METABASALTS,FLANKS OF NORTHERN BRANCH OF OLONDO GREENSTONE BELT,57.03,57.03,120.72,120.72,SUBAERIAL,,,s 86230/2 [7221],"BASALT, THOLEIITIC [7221]",,,,ARCHEAN [7221],,,,,VOLCANIC ROCK,,,,,WHOLE_ROCK [7221] ,222966.49500000002,12526.205999999998,,62451.61800000001,,,,153905.4,75043.5,37931.216,1703.8076,,2739.4950000000003,7863.6842,960.1262,,,,,,,,,,,,,,,,24200.,,,,,,,,,,,,,,,,,,,,,,,,,,,,,,1351,68,,,17,64,,,,,,,,4,35,13,46,3,,,,,,,,,,,,,,,,,,,,,,,,,,,,,,,,,,,,,,,,,,,,,,,,,,,,,,,,,,,,,,,,,,188924,
[7221],ARCHEAN CRATON (INCLUDING GREENSTONE BELTS),ALDAN SHIELD - ARCHEAN / OLONDO GREENSTONE BELT / NORTHERN THOLEIITIC METABASALTS,FLANKS OF NORTHERN BRANCH OF OLONDO GREENSTONE BELT,57.03,57.03,120.72,120.72,SUBAERIAL,,,s 86231 [7221],"BASALT, THOLEIITIC [7221]",,,,ARCHEAN [7221],,,,,VOLCANIC ROCK,,,,,WHOLE_ROCK [7221] ,225303.67000000004,11087.789999999999,,71978.136,,,,130586.40000000001,80761.1,34071.76,1548.9160000000002,,2988.54,13501.7974,1047.4104,,,,,,,,,,,,,,,,23300.,,,,,,,,,,,,,,,,,,,,,,,,,,,,,,876,31,,,69,38,,,,,,,,6,152,14,51,3,,,,,,,,,,,,,,,,,,,,,,,,,,,,,,,,,,,,,,,,,,,,,,,,,,,,,,,,,,,,,,,,,,188925,
[7221],ARCHEAN CRATON (INCLUDING GREENSTONE BELTS),ALDAN SHIELD - ARCHEAN / OLONDO GREENSTONE BELT / NORTHERN THOLEIITIC METABASALTS,FLANKS OF NORTHERN BRANCH OF OLONDO GREENSTONE BELT,57.03,57.03,120.72,120.72,SUBAERIAL,,,s 86232/1 [7221],"BASALT, THOLEIITIC [7221]",,,,ARCHEAN [7221],,,,,VOLCANIC ROCK,,,,,WHOLE_ROCK [7221] ,221096.755,12466.271999999999,,71978.136,,,,142245.9,71470,35036.623999999996,1548.9160000000002,,2739.4950000000003,15653.182699999998,829.1999000000001,,,,,,,,,,,,,,,,21700.,,,,,,,,,,,,,,,,,,,,,,,,,,,,,,636,37,,,73,39,,,,,,,,3,131,13,48,3,,,,,,,,,,,,,,2.13,5.76,,4.419,1.46,0.728,1.93,,2.15,,1.29,,1.19,,,,,,,,,,,,,,,,0.512745,,,,,19.426,,15.871,,36.586,,,,,,,,,,,,,,,188927,
[7221],ARCHEAN CRATON (INCLUDING GREENSTONE BELTS),ALDAN SHIELD - ARCHEAN / OLONDO GREENSTONE BELT / NORTHERN THOLEIITIC METABASALTS,FLANKS OF NORTHERN BRANCH OF OLONDO GREENSTONE BELT,57.03,57.03,120.72,120.72,SUBAERIAL,,,s 86232 [7221],"BASALT, THOLEIITIC [7221]",,,,ARCHEAN [7221],,,,,VOLCANIC ROCK,,,,,WHOLE_ROCK [7221] ,217824.71000000002,12706.008,,61922.367,,,,157791.9,70755.3,39318.20799999999,1703.8076,,2490.45,15949.9255,872.8420000000001,,,,,,,,,,,,,,,,25000.,,,,,,,,,,,,,,,,,,,,,,,,,,,,,,1380,72,,,78,70,,,,,,,,3,137,12,46,3,,,,,,,,,,,,,,,,,,,,,,,,,,,,,,,,,,,,,,,,,,,,,,,,,,,,,,,,,,,,,,,,,,188928,
[7221],ARCHEAN CRATON (INCLUDING GREENSTONE BELTS),ALDAN SHIELD - ARCHEAN / OLONDO GREENSTONE BELT / ANCIENT MAFIC-ULTRAMAFIC OLONDO ASSOCIATION,"OLEKMA RIVER NEAR THE TIREKH-MASTAKH RAPIDS, OLEKMA BLOCK",57.03,57.03,120.72,120.72,SUBAERIAL,,,s 87508/3 [7221],NOT GIVEN [7221],,,,ARCHEAN [7221],,,,,VOLCANIC ROCK,,,,,WHOLE_ROCK [7221] ,,,,,,,,,,,,,,,,,,,,,,,,,,,,,,,,,,,,,,,,,,,,,,,,,,,,,,,,,,,,,,,,,,,,,,,,,,,,,,,,,,,,,,,,,,,,,,,9.075,1.421,,,,,,,,,,,,,,,,,,,,,,,,0.51078,,,,,,,,,,,,,,,,,,,,,,,,189074,
[7221],ARCHEAN CRATON (INCLUDING GREENSTONE BELTS),ALDAN SHIELD - ARCHEAN / OLONDO GREENSTONE BELT / ANCIENT MAFIC-ULTRAMAFIC OLONDO ASSOCIATION,"OLEKMA RIVER NEAR THE TIREKH-MASTAKH RAPIDS, OLEKMA BLOCK",57.03,57.03,120.72,120.72,SUBAERIAL,,,s 85109 [7221],NOT GIVEN [7221],,,,ARCHEAN [7221],,,,,PLUTONIC ROCK,,,,,WHOLE_ROCK [7221] ,,,,,,,,,,,,,,,,,,,,,,,,,,,,,,,,,,,,,,,,,,,,,,,,,,,,,,,,,,,,,,,,,,,,,,,,,,,,,,,,,,,,,,,,,,,,,,,31.47,6.479,,,,,,,,,,,,,,,,,,,,,,,,0.511315,,,,,,,,,,,,,,,,,,,,,,,,189075,
[7221],ARCHEAN CRATON (INCLUDING GREENSTONE BELTS),ALDAN SHIELD - ARCHEAN / OLONDO GREENSTONE BELT / ANCIENT MAFIC-ULTRAMAFIC OLONDO ASSOCIATION,"OLEKMA RIVER NEAR THE TIREKH-MASTAKH RAPIDS, OLEKMA BLOCK",57.03,57.03,120.72,120.72,SUBAERIAL,,,s 86228/14 [7221],NOT GIVEN [7221],,,,ARCHEAN [7221],,,,,PLUTONIC ROCK,,,,,WHOLE_ROCK [7221] ,,,,,,,,,,,,,,,,,,,,,,,,,,,,,,,,,,,,,,,,,,,,,,,,,,,,,,,,,,,,,,,,,,,,,,,,,,,,,,,,,,,,,,,,,,,,,,,24.23,5.593,,,,,,,,,,,,,,,,,,,,,,,,0.511631,,,,,,,,,,,,,,,,,,,,,,,,189076,
[7221],ARCHEAN CRATON (INCLUDING GREENSTONE BELTS),ALDAN SHIELD - ARCHEAN / OLONDO GREENSTONE BELT / ANCIENT MAFIC-ULTRAMAFIC OLONDO ASSOCIATION,"OLEKMA RIVER NEAR THE TIREKH-MASTAKH RAPIDS, OLEKMA BLOCK",57.03,57.03,120.72,120.72,SUBAERIAL,,,s 87508/3 [7221],NOT GIVEN [7221],,,,ARCHEAN [7221],,,,,PLUTONIC ROCK,,,,,WHOLE_ROCK [7221] ,,,,,,,,,,,,,,,,,,,,,,,,,,,,,,,,,,,,,,,,,,,,,,,,,,,,,,,,,,,,,,,,,,,,,,,,,,,,,,,,,,,,,,,,,,,,,,,25.09,5.568,,,,,,,,,,,,,,,,,,,,,,,,0.51154,,,,,,,,,,,,,,,,,,,,,,,,189077,
[7221],ARCHEAN CRATON (INCLUDING GREENSTONE BELTS),ALDAN SHIELD - ARCHEAN / OLONDO GREENSTONE BELT / ANCIENT MAFIC-ULTRAMAFIC OLONDO ASSOCIATION,"OLEKMA RIVER NEAR THE TIREKH-MASTAKH RAPIDS, OLEKMA BLOCK",57.03,57.03,120.72,120.72,SUBAERIAL,,,s 86232/9 [7221],"GRANITE, PLAGIOCLASE [7221]",,,,ARCHEAN [7221],,,,,PLUTONIC ROCK,,,,,WHOLE_ROCK [7221] ,,,,,,,,,,,,,,,,,,,,,,,,,,,,,,,,,,,,,,,,,,,,,,,,,,,,,,,,,,,,,,,,,,,,,,,,,,,,,,,,,,,,,,,,,,,,,,,15.91,5.019,,,,,,,,,,,,,,,,,,,,,,,,0.512618,,,,,,,,,,,,,,,,,,,,,,,,189078,
[7221],ARCHEAN CRATON (INCLUDING GREENSTONE BELTS),ALDAN SHIELD - ARCHEAN / OLONDO GREENSTONE BELT / EASTERN KOMATIITIC METABASALTS,KOMATIITOVYI CREEK VALLEY,57.03,57.03,120.72,120.72,SUBAERIAL,,,s 110/3 [7221],"BASALT, KOMATIITIC [7221]",,,,ARCHEAN [7221],,,,,VOLCANIC ROCK,,,,,WHOLE_ROCK [7221] ,,,,,,,,,,,,,,,,,,,,,,,,,,,,,,,,,,,,,,,,,,,,,,,,,,,,,,,,,,,,,,,,,,,,,,,,,,,,,,,,,,,,,,,,,,,,,,,,,,,,,,,,,,,,,,,,,,,,,,,,,,,,,16.198,,15.009,,35.673,,,,,,,,,,,,,,,189080,
[7221],ARCHEAN CRATON (INCLUDING GREENSTONE BELTS),ALDAN SHIELD - ARCHEAN / OLONDO GREENSTONE BELT / EASTERN KOMATIITIC METABASALTS,KOMATIITOVYI CREEK VALLEY,57.03,57.03,120.72,120.72,SUBAERIAL,,,s 89110/4 [7221],"BASALT, KOMATIITIC [7221]",,,,ARCHEAN [7221],,,,,VOLCANIC ROCK,,,,,WHOLE_ROCK [7221] ,,,,,,,,,,,,,,,,,,,,,,,,,,,,,,,,,,,,,,,,,,,,,,,,,,,,,,,,,,,,,,,,,,,,,,,,,,,,,,,,,,,,,,,,,,,,,,,,,,,,,,,,,,,,,,,,,,,,,,,,,,,,,16.348,,15.046,,35.896,,,,,,,,,,,,,,,189083,
[7221],ARCHEAN CRATON (INCLUDING GREENSTONE BELTS),ALDAN SHIELD - ARCHEAN / OLONDO GREENSTONE BELT / EASTERN KOMATIITIC METABASALTS,KOMATIITOVYI CREEK VALLEY,57.03,57.03,120.72,120.72,SUBAERIAL,,,s 89111/1 [7221],"BASALT, KOMATIITIC [7221]",,,,ARCHEAN [7221],,,,,VOLCANIC ROCK,,,,,WHOLE_ROCK [7221] ,,,,,,,,,,,,,,,,,,,,,,,,,,,,,,,,,,,,,,,,,,,,,,,,,,,,,,,,,,,,,,,,,,,,,,,,,,,,,,,,,,,,,,,,,,,,,,,,,,,,,,,,,,,,,,,,,,,,,,,,,,,,,16.781,,15.124,,35.996,,,,,,,,,,,,,,,189084,
[7221],ARCHEAN CRATON (INCLUDING GREENSTONE BELTS),ALDAN SHIELD - ARCHEAN / OLONDO GREENSTONE BELT / EASTERN KOMATIITIC METABASALTS,KOMATIITOVYI CREEK VALLEY,57.03,57.03,120.72,120.72,SUBAERIAL,,,s 89113/3 [7221],"BASALT, KOMATIITIC [7221]",,,,ARCHEAN [7221],,,,,VOLCANIC ROCK,,,,,WHOLE_ROCK [7221] ,,,,,,,,,,,,,,,,,,,,,,,,,,,,,,,,,,,,,,,,,,,,,,,,,,,,,,,,,,,,,,,,,,,,,,,,,,,,,,,,,,,,,,,,,,,,,,,,,,,,,,,,,,,,,,,,,,,,,,,,,,,,,16.971,,15.197,,36.315,,,,,,,,,,,,,,,189085,
[7221],ARCHEAN CRATON (INCLUDING GREENSTONE BELTS),ALDAN SHIELD - ARCHEAN / OLONDO GREENSTONE BELT / EASTERN KOMATIITIC METABASALTS,KOMATIITOVYI CREEK VALLEY,57.03,57.03,120.72,120.72,SUBAERIAL,,,s 89114/1 [7221],"BASALT, KOMATIITIC [7221]",,,,ARCHEAN [7221],,,,,VOLCANIC ROCK,,,,,WHOLE_ROCK [7221] ,,,,,,,,,,,,,,,,,,,,,,,,,,,,,,,,,,,,,,,,,,,,,,,,,,,,,,,,,,,,,,,,,,,,,,,,,,,,,,,,,,,,,,,,,,,,,,,,,,,,,,,,,,,,,,,,,,,,,,,,,,,,,18.03,,15.349,,38.152,,,,,,,,,,,,,,,189086,
[7221],ARCHEAN CRATON (INCLUDING GREENSTONE BELTS),ALDAN SHIELD - ARCHEAN / OLONDO GREENSTONE BELT / NORTHERN THOLEIITIC METABASALTS,FLANKS OF NORTHERN BRANCH OF OLONDO GREENSTONE BELT,57.03,57.03,120.72,120.72,SUBAERIAL,,,s 86232/1 [7221],"BASALT, THOLEIITIC [7221]",,,,ARCHEAN [7221],,,,,VOLCANIC ROCK,,,,,WHOLE_ROCK [7221] ,,,,,,,,,,,,,,,,,,,,,,,,,,,,,,,,,,,,,,,,,,,,,,,,,,,,,,,,,,,,,,,,,,,,,,,,,,,,,,,,,,,,,,,,,,,,,,,,,,,,,,,,,,,,,,,,,,,,,,,,,,,,,19.701,,15.913,,37.9,,,,,,,,,,,,,,,189107,
[7221],ARCHEAN CRATON (INCLUDING GREENSTONE BELTS),ALDAN SHIELD - ARCHEAN / OLONDO GREENSTONE BELT / EASTERN KOMATIITIC METABASALTS,KOMATIITOVYI CREEK VALLEY,57.03,57.03,120.72,120.72,SUBAERIAL,,,s 8707/3_LEACHATE [7221],"BASALT, KOMATIITIC [7221]",,,,,,,,,VOLCANIC ROCK,,,,,WHOLE_ROCK [7221] ,,,,,,,,,,,,,,,,,,,,,,,,,,,,,,,,,,,,,,,,,,,,,,,,,,,,,,,,,,,,,,,,,,,,,,,,,,,,,,,,,,,,,,,,,,,,,,,,,,,,,,,,,,,,,,,,,,,,,,,,,,,,,29.34,,17.118,,65.892,,,,,,,,,,,,,,,189108,
[7221],ARCHEAN CRATON (INCLUDING GREENSTONE BELTS),ALDAN SHIELD - ARCHEAN / OLONDO GREENSTONE BELT / EASTERN KOMATIITIC METABASALTS,KOMATIITOVYI CREEK VALLEY,57.03,57.03,120.72,120.72,SUBAERIAL,,,s 8707/6_LEACHATE [7221],"BASALT, KOMATIITIC [7221]",,,,,,,,,VOLCANIC ROCK,,,,,WHOLE_ROCK [7221] ,,,,,,,,,,,,,,,,,,,,,,,,,,,,,,,,,,,,,,,,,,,,,,,,,,,,,,,,,,,,,,,,,,,,,,,,,,,,,,,,,,,,,,,,,,,,,,,,,,,,,,,,,,,,,,,,,,,,,,,,,,,,,20.851,,15.8,,49.832,,,,,,,,,,,,,,,189109,
[7221],ARCHEAN CRATON (INCLUDING GREENSTONE BELTS),ALDAN SHIELD - ARCHEAN / OLONDO GREENSTONE BELT / EASTERN KOMATIITIC METABASALTS,KOMATIITOVYI CREEK VALLEY,57.03,57.03,120.72,120.72,SUBAERIAL,,,s 8707/9_LEACHATE [7221],"BASALT, KOMATIITIC [7221]",,,,,,,,,VOLCANIC ROCK,,,,,WHOLE_ROCK [7221] ,,,,,,,,,,,,,,,,,,,,,,,,,,,,,,,,,,,,,,,,,,,,,,,,,,,,,,,,,,,,,,,,,,,,,,,,,,,,,,,,,,,,,,,,,,,,,,,,,,,,,,,,,,,,,,,,,,,,,,,,,,,,,23.907,,16.277,,57.209,,,,,,,,,,,,,,,189110,
[7221],ARCHEAN CRATON (INCLUDING GREENSTONE BELTS),ALDAN SHIELD - ARCHEAN / OLONDO GREENSTONE BELT / EASTERN KOMATIITIC METABASALTS,KOMATIITOVYI CREEK VALLEY,57.03,57.03,120.72,120.72,SUBAERIAL,,,s 8707/16_LEACHATE [7221],"BASALT, KOMATIITIC [7221]",,,,,,,,,VOLCANIC ROCK,,,,,WHOLE_ROCK [7221] ,,,,,,,,,,,,,,,,,,,,,,,,,,,,,,,,,,,,,,,,,,,,,,,,,,,,,,,,,,,,,,,,,,,,,,,,,,,,,,,,,,,,,,,,,,,,,,,,,,,,,,,,,,,,,,,,,,,,,,,,,,,,,29.669,,17.145,,67.305,,,,,,,,,,,,,,,189111,
[7221],ARCHEAN CRATON (INCLUDING GREENSTONE BELTS),ALDAN SHIELD - ARCHEAN / OLONDO GREENSTONE BELT / EASTERN KOMATIITIC METABASALTS,KOMATIITOVYI CREEK VALLEY,57.03,57.03,120.72,120.72,SUBAERIAL,,,s 89110/4_LEACHATE [7221],"BASALT, KOMATIITIC [7221]",,,,,,,,,VOLCANIC ROCK,,,,,WHOLE_ROCK [7221] ,,,,,,,,,,,,,,,,,,,,,,,,,,,,,,,,,,,,,,,,,,,,,,,,,,,,,,,,,,,,,,,,,,,,,,,,,,,,,,,,,,,,,,,,,,,,,,,,,,,,,,,,,,,,,,,,,,,,,,,,,,,,,30.035,,17.219,,66.005,,,,,,,,,,,,,,,189112,
[7221],ARCHEAN CRATON (INCLUDING GREENSTONE BELTS),ALDAN SHIELD - ARCHEAN / OLONDO GREENSTONE BELT / EASTERN KOMATIITIC METABASALTS,KOMATIITOVYI CREEK VALLEY,57.03,57.03,120.72,120.72,SUBAERIAL,,,s 89113/3_LEACHATE [7221],"BASALT, KOMATIITIC [7221]",,,,,,,,,VOLCANIC ROCK,,,,,WHOLE_ROCK [7221] ,,,,,,,,,,,,,,,,,,,,,,,,,,,,,,,,,,,,,,,,,,,,,,,,,,,,,,,,,,,,,,,,,,,,,,,,,,,,,,,,,,,,,,,,,,,,,,,,,,,,,,,,,,,,,,,,,,,,,,,,,,,,,24.432,,16.324,,55.143,,,,,,,,,,,,,,,189113,
[7221],ARCHEAN CRATON (INCLUDING GREENSTONE BELTS),ALDAN SHIELD - ARCHEAN / OLONDO GREENSTONE BELT / EASTERN KOMATIITIC METABASALTS,KOMATIITOVYI CREEK VALLEY,57.03,57.03,120.72,120.72,SUBAERIAL,,,s 89114/1_LEACHATE [7221],"BASALT, KOMATIITIC [7221]",,,,,,,,,VOLCANIC ROCK,,,,,WHOLE_ROCK [7221] ,,,,,,,,,,,,,,,,,,,,,,,,,,,,,,,,,,,,,,,,,,,,,,,,,,,,,,,,,,,,,,,,,,,,,,,,,,,,,,,,,,,,,,,,,,,,,,,,,,,,,,,,,,,,,,,,,,,,,,,,,,,,,22.534,,16.045,,51.539,,,,,,,,,,,,,,,189114,
[7221],ARCHEAN CRATON (INCLUDING GREENSTONE BELTS),ALDAN SHIELD - ARCHEAN / OLONDO GREENSTONE BELT / WESTERN THOLEIITIC METABASALTS AND GABBROIDS,FLANKS OF WESTERN BRANCHE OF OLONDO GREENSTONE BELT,57.03,57.03,120.72,120.72,SUBAERIAL,,,s 8715/1_LEACHATE [7221],"BASALT, THOLEIITIC [7221]",,,,,,,,,VOLCANIC ROCK,,,,,WHOLE_ROCK [7221] ,,,,,,,,,,,,,,,,,,,,,,,,,,,,,,,,,,,,,,,,,,,,,,,,,,,,,,,,,,,,,,,,,,,,,,,,,,,,,,,,,,,,,,,,,,,,,,,,,,,,,,,,,,,,,,,,,,,,,,,,,,,,,15.166,,14.943,,36.102,,,,,,,,,,,,,,,189115,
[7221],ARCHEAN CRATON (INCLUDING GREENSTONE BELTS),ALDAN SHIELD - ARCHEAN / OLONDO GREENSTONE BELT / EASTERN THOLEIITIC METABASALTS,FLANKS OF EASTERN BRANCH OF OLONDO GREENSTONE BELT,57.03,57.03,120.72,120.72,SUBAERIAL,,,s 89109/1_LEACHATE [7221],"BASALT, THOLEIITIC [7221]",,,,,,,,,VOLCANIC ROCK,,,,,WHOLE_ROCK [7221] ,,,,,,,,,,,,,,,,,,,,,,,,,,,,,,,,,,,,,,,,,,,,,,,,,,,,,,,,,,,,,,,,,,,,,,,,,,,,,,,,,,,,,,,,,,,,,,,,,,,,,,,,,,,,,,,,,,,,,,,,,,,,,17.846,,15.323,,42.315,,,,,,,,,,,,,,,189116,
[7221],ARCHEAN CRATON (INCLUDING GREENSTONE BELTS),ALDAN SHIELD - ARCHEAN / OLONDO GREENSTONE BELT / NORTHERN THOLEIITIC METABASALTS,FLANKS OF NORTHERN BRANCH OF OLONDO GREENSTONE BELT,57.03,57.03,120.72,120.72,SUBAERIAL,,,s 86232/1_LEACHATE [7221],"BASALT, THOLEIITIC [7221]",,,,,,,,,VOLCANIC ROCK,,,,,WHOLE_ROCK [7221] ,,,,,,,,,,,,,,,,,,,,,,,,,,,,,,,,,,,,,,,,,,,,,,,,,,,,,,,,,,,,,,,,,,,,,,,,,,,,,,,,,,,,,,,,,,,,,,,,,,,,,,,,,,,,,,,,,,,,,,,,,,,,,28.168,,16.941,,65.094,,,,,,,,,,,,,,,189117,
[5355],ARCHEAN CRATON (INCLUDING GREENSTONE BELTS),ALDAN SHIELD - ARCHEAN / OLEKMA GNEISS-MIGMATITE COMPLEX / OLONDO GREENSTONE BELT,LAKE TOKKO,57,57,120,121,SUBAERIAL,,,s 4A [5355],KOMATIITE [5355],2960000000 [5355],2970000000 [5355],,ARCHEAN [5355],,,,,VOLCANIC ROCK,,,,,WHOLE_ROCK [5355] ,215066.84350000002,839.076,,22546.0926,,,,64749.090000000004,20654.83,229456.71999999997,1161.687,,166.03,890.2284,87.2842,,,,,,,,,,,,,,,,88200.,,,,,,,,,,,,,,,,,,,,,,,,,,,,,,107,5995,,,127,1855,,,,,,,,0,3.5,3.5,6.2,0,,,,,,,,,,,,,,,,,,,,,,,,,,,,,,,,,,,,,,,,,,,,,,,,,,,,,,,,,,,,,,,,,,248287,
[5355],ARCHEAN CRATON (INCLUDING GREENSTONE BELTS),ALDAN SHIELD - ARCHEAN / OLEKMA GNEISS-MIGMATITE COMPLEX / OLONDO GREENSTONE BELT,LAKE TOKKO,57,57,120,121,SUBAERIAL,,,s 9B [5355],KOMATIITE [5355],2960000000 [5355],2970000000 [5355],,ARCHEAN [5355],,,,,VOLCANIC ROCK,,,,,WHOLE_ROCK [5355] ,203287.48150000002,479.472,,9103.1172,,,,74387.61,26015.08,247668.528,1626.3618,,166.03,1186.9712,218.21050000000002,,,,,,,,,,,,,,,,165000.,,,,,,,,,,,,,,,,,,,,,,,,,,,,,,59,2632,,,115,2344,,,,,,,,0,17.7,1.2,3.3,0.6,,,,,,,,,,,,,,,,,,,,,,,,,,,,,,,,,,,,,,,,,,,,,,,,,,,,,,,,,,,,,,,,,,248288,
[5355],ARCHEAN CRATON (INCLUDING GREENSTONE BELTS),ALDAN SHIELD - ARCHEAN / OLEKMA GNEISS-MIGMATITE COMPLEX / OLONDO GREENSTONE BELT,LAKE TOKKO,57,57,120,121,SUBAERIAL,,,s 256 [5355],KOMATIITE [5355],2960000000 [5355],2970000000 [5355],,ARCHEAN [5355],,,,,VOLCANIC ROCK,,,,,WHOLE_ROCK [5355] ,187908.87000000002,239.736,,10955.4957,,,,83404.29000000001,3787.9100000000003,277217.48799999995,2633.1572,,83.015,593.4856,174.5684,,,,,,,,,,,,,,,,197000.,,,,,,,,,,,,,,,,,,,,,,,,,,,,,,15,3913,,,131,2112,,,,,,,,0,2.5,1,2.5,0,,,,,,,,,,,,,,,,,,,,,,,,,,,,,,,,,,,,,,,,,,,,,,,,,,,,,,,,,,,,,,,,,,248289,
[5355],ARCHEAN CRATON (INCLUDING GREENSTONE BELTS),ALDAN SHIELD - ARCHEAN / OLEKMA GNEISS-MIGMATITE COMPLEX / OLONDO GREENSTONE BELT,LAKE TOKKO,57,57,120,121,SUBAERIAL,,,s 298 [5355],KOMATIITE [5355],2960000000 [5355],2970000000 [5355],,ARCHEAN [5355],,,,,VOLCANIC ROCK,,,,,WHOLE_ROCK [5355] ,226191.79650000003,479.472,,9632.3682,,,,84337.05,6575.240000000001,226682.736,1703.8076,,83.015,519.2999,305.4947,,,,,,,,,,,,,,,,71800.,,,,,,,,,,,,,,,,,,,,,,,,,,,,,,35,2364,,,124,2240,,,,,,,,0,3.9,2.4,5.3,0,,,,,,,,,,,,,,,,,,,,,,,,,,,,,,,,,,,,,,,,,,,,,,,,,,,,,,,,,,,,,,,,,,248290,
[5355],ARCHEAN CRATON (INCLUDING GREENSTONE BELTS),ALDAN SHIELD - ARCHEAN / OLEKMA GNEISS-MIGMATITE COMPLEX / OLONDO GREENSTONE BELT,LAKE TOKKO,57,57,120,121,SUBAERIAL,,,s 7A [5355],KOMATIITE [5355],2960000000 [5355],2970000000 [5355],,ARCHEAN [5355],,,,,VOLCANIC ROCK,,,,,WHOLE_ROCK [5355] ,231520.55550000002,119.868,,11537.671800000002,,,,29071.02,21726.88,247728.83199999997,1394.0244,,332.06,1335.3426,43.6421,,,,,,,,,,,,,,,,144000.,,,,,,,,,,,,,,,,,,,,,,,,,,,,,,18,3737,,,99,2451,,,,,,,,0,19.4,0,0.9,0.6,,,,,,,,,,,,,,,,,,,,,,,,,,,,,,,,,,,,,,,,,,,,,,,,,,,,,,,,,,,,,,,,,,248291,
[5355],ARCHEAN CRATON (INCLUDING GREENSTONE BELTS),ALDAN SHIELD - ARCHEAN / OLEKMA GNEISS-MIGMATITE COMPLEX / OLONDO GREENSTONE BELT,LAKE TOKKO,57,57,120,121,SUBAERIAL,,,s 254 [5355],KOMATIITE [5355],2960000000 [5355],2970000000 [5355],,ARCHEAN [5355],,,,,VOLCANIC ROCK,,,,,WHOLE_ROCK [5355] ,186459.82150000002,239.736,,4128.1578,,,,73610.31000000001,3144.68,294946.86399999994,2245.9282,,249.045,741.857,218.21050000000002,,,,,,,,,,,,,,,,231000.,,,,,,,,,,,,,,,,,,,,,,,,,,,,,,29,1841,,,114,2873,,,,,,,,0,14,0,1.6,0,,,,,,,,,,,,,,,,,,,,,,,,,,,,,,,,,,,,,,,,,,,,,,,,,,,,,,,,,,,,,,,,,,248292,
[5355],ARCHEAN CRATON (INCLUDING GREENSTONE BELTS),ALDAN SHIELD - ARCHEAN / OLEKMA GNEISS-MIGMATITE COMPLEX / OLONDO GREENSTONE BELT,LAKE TOKKO,57,57,120,121,SUBAERIAL,,,s 255 [5355],KOMATIITE [5355],2960000000 [5355],2970000000 [5355],,ARCHEAN [5355],,,,,VOLCANIC ROCK,,,,,WHOLE_ROCK [5355] ,189404.66200000004,179.802,,5027.8845,,,,62028.54,3001.74,298926.92799999996,2478.2656,,249.045,593.4856,392.77889999999996,,,,,,,,,,,,,,,,253000.,,,,,,,,,,,,,,,,,,,,,,,,,,,,,,49,1870,,,120,3130,,,,,,,,0,0,0,1,0,,,,,,,,,,,,,,,,,,,,,,,,,,,,,,,,,,,,,,,,,,,,,,,,,,,,,,,,,,,,,,,,,,248293,
[5355],ARCHEAN CRATON (INCLUDING GREENSTONE BELTS),ALDAN SHIELD - ARCHEAN / OLEKMA GNEISS-MIGMATITE COMPLEX / OLONDO GREENSTONE BELT,LAKE TOKKO,57,57,120,121,SUBAERIAL,,,s 260 [5355],KOMATIITE [5355],2960000000 [5355],2970000000 [5355],,ARCHEAN [5355],,,,,VOLCANIC ROCK,,,,,WHOLE_ROCK [5355] ,196182.4695,119.868,,5874.686100000001,,,,52467.75,3859.38,295791.11999999994,1858.6992,,249.045,1928.8282,130.9263,,,,,,,,,,,,,,,,235000.,,,,,,,,,,,,,,,,,,,,,,,,,,,,,,29,5048,,,113,2610,,,,,,,,0,2.5,0,0,0,,,,,,,,,,,,,,,,,,,,,,,,,,,,,,,,,,,,,,,,,,,,,,,,,,,,,,,,,,,,,,,,,,248294,
[5995],ARCHEAN CRATON (INCLUDING GREENSTONE BELTS),ALDAN SHIELD - ARCHEAN / OLEKMA GNEISS-MIGMATITE COMPLEX / OLONDO GREENSTONE BELT,,57,57,120,121,SUBAERIAL,,,s 50 [5995],KOMATIITE [5995],2960000000 [5995],2970000000 [5995],,ARCHEAN [5995],,,,,VOLCANIC ROCK,,,,,WHOLE_ROCK [5995] ,216235.431,3116.5679999999998,,53983.602,,6154.72,71433.87,,63536.83,113492.128,1936.145,,664.12,4154.3992,318.58733,,,,,,,,,,,,,,,,39000.,,,,,,,,,,,,,,,,,,,,,,,,,,,,,,,,,,,,,,,,,,,,,,,,,,,,,,,,,,,,,,,,,,,,,,,,,,,,,,,,,,,,,,,,,,,,,,,,,,,,,,,,,,,,,,,,,248295,
