Citations,Tectonic Setting,Location,Location Comment,Latitude (Min),Latitude (Max),Longitude (Min),Longitude (Max),Land or Sea,Elevation (Min),Elevation (Max),Sample Name,Rock Name,"Age (a, Min)","Age (a, Max)",Geol,Age,Eruption Day,Eruption Month,Eruption Year,Rock Texture,Rock Type,Drill Depth (Min),Drill Depth (Max),Alteration,Mineral,Material,Si,Ti,B,Al,Cr,Fe3+,Fe2+,Fetot(2+),Ca,Mg,Mn,Ni,K,Na,P,H2O,H2OP,H2OM,H2Otot,CO2,CO,F,Cl,Cl2,OH,CH4,SO2,SO3,SO4,S,LOI,Volatiles,O,Others,HE(CCM/G),HE(CCMSTP/G),HE3(CCMSTP/G),HE3(AT/G),HE4(CCM/G),HE4(CCMSTP/G),HE4(AT/G),HE4(MOLE/G),HE4(NCC/G),HE(NCC/G),Li,Be,B,C,CO2,F,Na,Mg,Al,P,S,Cl,K,Ca,Sc,Ti,V,Cr,Mn,Fe,Co,Ni,Cu,Zn,Ga,Ge,As,Se,Br,Rb,Sr,Y,Zr,Nb,Mo,Ru,Rh,Pd,Ag,Cd,In,Sn,Sb,Te,I,Cs,Ba,La,Ce,Pr,Nd,Sm,Eu,Gd,Tb,Dy,Ho,Er,Tm,Yb,Lu,Hf,Ta,W,Re,Os,Ir,Pt,Au,Hg,Tl,Pb,Bi,Th,U,Nd143/Nd144,Nd143/Nd144 initial,e Nd,Sr87/Sr86,SR87_SR86_INI,PB206_PB204,PB206_PB204_INI,PB207_PB204,PB207_PB204_INI,PB208_PB204,PB208_PB204_INI,OS184_OS188,OS186_OS188,OS187_OS186,OS187_OS188,RE187_OS186,RE187_OS188,HF176_HF177,HE3_HE4,HE3_HE4(R/R(A)),HE4_HE3,HE4_HE3(R/R(A)),K40_AR40,AR40_K40,Unique Id,
[7108],ARCHEAN CRATON (INCLUDING GREENSTONE BELTS),DHARWAR CRATON / EASTERN DHARWAR CRATON DOMAIN / KOLAR GREENSTONE BELT,"CENTRAL KOLAR SCHIST BELT, DHARWAR SUPERGROUP",13.13,13.13,78.13,78.13,SUBAERIAL,,,s 23-9 [7108],KOMATIITE [7108],,,,ARCHEAN [7108],,,,,VOLCANIC ROCK,,,,,WHOLE_ROCK [7108] ,209130.41900000002,8990.099999999999,,49061.5677,,,,114651.75,74614.68,104386.22399999999,2091.0366,,996.18,4599.5134,,,,,,,,,,,,,,,,,,,,,,,,,,,,,,,,,,,,,,,,,,,,,,,264,2254,,,94,1141,,,,,,,,4,37,20,86,5,,,,,,,,,,,,,24,,13.3,,11.9,3.5,1.19,3.9,,,,,,1.64,,,,,,,,,,,,,,,,,,,,,,,,,,,,,,,,,,,,,,,,183522,
[7108],ARCHEAN CRATON (INCLUDING GREENSTONE BELTS),DHARWAR CRATON / EASTERN DHARWAR CRATON DOMAIN / KOLAR GREENSTONE BELT,"CENTRAL KOLAR SCHIST BELT, DHARWAR SUPERGROUP",13.13,13.13,78.13,78.13,SUBAERIAL,,,s K-3 [7108],KOMATIITE [7108],,,,ARCHEAN [7108],,,,,VOLCANIC ROCK,,,,,WHOLE_ROCK [7108] ,210813.18500000003,4854.654,,62822.0937,,,,92498.7,80046.4,94978.79999999999,1703.8076,,5811.049999999999,9718.3267,,,,,,,,,,,,,,,,,,,,,,,,,,,,,,,,,,,,,,,,,,,,,,,200,1347,,,35,378,,,,,,,,12,214,17,66,4,,,,,,,,,,,,,106,,13.69,,8.63,2.29,0.81,2.53,,2.81,,1.7,,1.54,,,,,,,,,,,,,,,,,,,,,,,,,,,,,,,,,,,,,,,,183523,
[7108],ARCHEAN CRATON (INCLUDING GREENSTONE BELTS),DHARWAR CRATON / EASTERN DHARWAR CRATON DOMAIN / KOLAR GREENSTONE BELT,"CENTRAL KOLAR SCHIST BELT, DHARWAR SUPERGROUP",13.13,13.13,78.13,78.13,SUBAERIAL,,,s 19-1 [7108],KOMATIITE [7108],,,,ARCHEAN [7108],,,,,VOLCANIC ROCK,,,,,WHOLE_ROCK [7108] ,211140.38950000002,4974.521999999999,,62769.1686,,,,107811.51,83334.02,88043.84,2091.0366,,1079.195,8605.5412,,,,,,,,,,,,,,,,,,,,,,,,,,,,,,,,,,,,,,,,,,,,,,,285,2416,,,88,747,,,,,,,,5,86,15,50,3,,,,,,,,,,,,,41,,,,,,,,,,,,,,,,,,,,,,,,,,,,,,,,,,,,,,,,,,,,,,,,,,,,,183526,
[7108],ARCHEAN CRATON (INCLUDING GREENSTONE BELTS),DHARWAR CRATON / EASTERN DHARWAR CRATON DOMAIN / KOLAR GREENSTONE BELT,"CENTRAL KOLAR SCHIST BELT, DHARWAR SUPERGROUP",13.13,13.13,78.13,78.13,SUBAERIAL,,,s 302 [7108],THOLEIITE [7108],,,,ARCHEAN [7108],,,,,VOLCANIC ROCK,,,,,WHOLE_ROCK [7108] ,234745.85700000002,6293.07,,74465.61570000001,,,,79595.52,78045.24,56987.27999999999,1548.9160000000002,,1162.21,15727.3684,,,,,,,,,,,,,,,,,,,,,,,,,,,,,,,,,,,,,,,,,,,,,,,180,805,,,61,110,,,,,,,,0,175,15,45,7,,,,,,,,,,,,,,,,,,,,,,,,,,,,,,,,,,,,,,,,,,,,,,,,,,,,,,,,,,,,,,,,,,183529,
[7108],ARCHEAN CRATON (INCLUDING GREENSTONE BELTS),DHARWAR CRATON / EASTERN DHARWAR CRATON DOMAIN / KOLAR GREENSTONE BELT,"CENTRAL KOLAR SCHIST BELT, DHARWAR SUPERGROUP",13.13,13.13,78.13,78.13,SUBAERIAL,,,s K-20 [7108],THOLEIITE [7108],,,,ARCHEAN [7108],,,,,VOLCANIC ROCK,,,,,WHOLE_ROCK [7108] ,238906.02850000001,6053.334,,82457.3058,,,,99960.78,45026.1,56987.27999999999,1936.145,,3154.57,19065.724899999997,,,,,,,,,,,,,,,,,,,,,,,,,,,,,,,,,,,,,,,,,,,,,,,267,367,,,33,181,,,,,,,,10,92,22,60,0,,,,,,,,,,,,,165,,,,,,,,,,,,,,,,,,,,,,,,,,,,,,,,,,,,,,,,,,,,,,,,,,,,,183530,
[7108],ARCHEAN CRATON (INCLUDING GREENSTONE BELTS),DHARWAR CRATON / EASTERN DHARWAR CRATON DOMAIN / KOLAR GREENSTONE BELT,"CENTRAL KOLAR SCHIST BELT, DHARWAR SUPERGROUP",13.13,13.13,78.13,78.13,SUBAERIAL,,,s 301 [7108],THOLEIITE [7108],,,,ARCHEAN [7108],,,,,VOLCANIC ROCK,,,,,WHOLE_ROCK [7108] ,239840.89850000004,6173.202,,72242.76150000001,,,,98950.29000000001,65895.34000000001,52946.91199999999,1626.3618,,1660.3000000000002,18398.0536,,,,,,,,,,,,,,,,,,,,,,,,,,,,,,,,,,,,,,,,,,,,,,,315,785,,,56,194,,,,,,,,0,2080,18,93,14,,,,,,,,,,,,,56,,,,,,,,,,,,,,,,,,,,,,,,,,,,,,,,,,,,,,,,,,,,,,,,,,,,,183531,
[7108],ARCHEAN CRATON (INCLUDING GREENSTONE BELTS),DHARWAR CRATON / EASTERN DHARWAR CRATON DOMAIN / KOLAR GREENSTONE BELT,"CENTRAL KOLAR SCHIST BELT, DHARWAR SUPERGROUP",13.13,13.13,78.13,78.13,SUBAERIAL,,,s 13-5B [7108],THOLEIITE [7108],,,,ARCHEAN [7108],,,,,VOLCANIC ROCK,,,,,WHOLE_ROCK [7108] ,240962.7425,5873.531999999999,,70655.0085,,,,99960.78,73042.34000000001,51077.488,1239.1328,,664.12,8976.4697,,,,,,,,,,,,,,,,,,,,,,,,,,,,,,,,,,,,,,,,,,,,,,,260,272,,,40,120,,,,,,,,4,151,21,65,4,,,,,,,,,,,,,121,,,,,,,,,,,,,,,,,,,,,,,,,,,,,,,,,,,,,,,,,,,,,,,,,,,,,183532,
[7108],ARCHEAN CRATON (INCLUDING GREENSTONE BELTS),DHARWAR CRATON / EASTERN DHARWAR CRATON DOMAIN / KOLAR GREENSTONE BELT,"CENTRAL KOLAR SCHIST BELT, DHARWAR SUPERGROUP",13.13,13.13,78.13,78.13,SUBAERIAL,,,s 23-10 [7108],THOLEIITE [7108],,,,ARCHEAN [7108],,,,,VOLCANIC ROCK,,,,,WHOLE_ROCK [7108] ,234979.57450000005,3955.644,,76370.91930000001,,,,83948.40000000001,77473.48,51017.184,1394.0244,,664.12,22255.71,,,,,,,,,,,,,,,,,,,,,,,,,,,,,,,,,,,,,,,,,,,,,,,260,196,,,55,112,,,,,,,,6,75,17,45,3,,,,,,,,,,,,,18,,,,,,,,,,,,,,,,,,,,,,,,,,,,,,,,,,,,,,,,,,,,,,,,,,,,,183533,
[7108],ARCHEAN CRATON (INCLUDING GREENSTONE BELTS),DHARWAR CRATON / EASTERN DHARWAR CRATON DOMAIN / KOLAR GREENSTONE BELT,"CENTRAL KOLAR SCHIST BELT, DHARWAR SUPERGROUP",13.13,13.13,78.13,78.13,SUBAERIAL,,,s 23-5 [7108],THOLEIITE [7108],,,,ARCHEAN [7108],,,,,VOLCANIC ROCK,,,,,WHOLE_ROCK [7108] ,233951.2175,4854.654,,78593.7735,,,,91488.20999999999,83476.95999999999,46192.864,1548.9160000000002,,581.105,15801.5541,,,,,,,,,,,,,,,,,,,,,,,,,,,,,,,,,,,,,,,,,,,,,,,256,415,,,65,140,,,,,,,,2,92,18,58,5,,,,,,,,,,,,,80,,,,,,,,,,,,,,,,,,,,,,,,,,,,,,,,,,,,,,,,,,,,,,,,,,,,,183535,
[7108],ARCHEAN CRATON (INCLUDING GREENSTONE BELTS),DHARWAR CRATON / EASTERN DHARWAR CRATON DOMAIN / KOLAR GREENSTONE BELT,"CENTRAL KOLAR SCHIST BELT, DHARWAR SUPERGROUP",13.13,13.13,78.13,78.13,SUBAERIAL,,,s 19-3 [7108],THOLEIITE [7108],,,,ARCHEAN [7108],,,,,VOLCANIC ROCK,,,,,WHOLE_ROCK [7108] ,244608.7355,4914.588,,79916.901,,,,88068.09,73685.57,45891.344,2245.9282,,1245.225,16098.2969,,,,,,,,,,,,,,,,,,,,,,,,,,,,,,,,,,,,,,,,,,,,,,,295,197,,,55,103,,,,,,,,4,92,23,54,4,,,,,,,,,,,,,62,,,,,,,,,,,,,,,,,,,,,,,,,,,,,,,,,,,,,,,,,,,,,,,,,,,,,183536,
[7108],ARCHEAN CRATON (INCLUDING GREENSTONE BELTS),DHARWAR CRATON / EASTERN DHARWAR CRATON DOMAIN / KOLAR GREENSTONE BELT,"CENTRAL KOLAR SCHIST BELT, DHARWAR SUPERGROUP",13.13,13.13,78.13,78.13,SUBAERIAL,,,s K-2 [7108],THOLEIITE [7108],,,,ARCHEAN [7108],,,,,VOLCANIC ROCK,,,,,WHOLE_ROCK [7108] ,235213.29200000002,3955.644,,78858.399,,,,92731.89,75186.44,44021.92,1471.4702,,913.165,16246.6683,,,,,,,,,,,,,,,,,,,,,,,,,,,,,,,,,,,,,,,,,,,,,,,264,374,,,43,182,,,,,,,,9,175,25,77,4,,,,,,,,,,,,,260,,,,,,,,,,,,,,,,,,,,,,,,,,,,,,,,,,,,,,,,,,,,,,,,,,,,,183537,
[7108],ARCHEAN CRATON (INCLUDING GREENSTONE BELTS),DHARWAR CRATON / EASTERN DHARWAR CRATON DOMAIN / KOLAR GREENSTONE BELT,"CENTRAL KOLAR SCHIST BELT, DHARWAR SUPERGROUP",13.13,13.13,78.13,78.13,SUBAERIAL,,,s K-14 [7108],THOLEIITE [7108],,,,ARCHEAN [7108],,,,,VOLCANIC ROCK,,,,,WHOLE_ROCK [7108] ,245917.5535,8390.759999999998,,74677.3161,,,,94986.06000000001,55031.9,44021.92,1239.1328,,1162.21,20475.2532,,,,,,,,,,,,,,,,,,,,,,,,,,,,,,,,,,,,,,,,,,,,,,,249,230,,,37,112,,,,,,,,7,86,25,65,0,,,,,,,,,,,,,310,,,,,,,,,,,,,,,,,,,,,,,,,,,,,,,,,,,,,,,,,,,,,,,,,,,,,183538,
[7108],ARCHEAN CRATON (INCLUDING GREENSTONE BELTS),DHARWAR CRATON / EASTERN DHARWAR CRATON DOMAIN / KOLAR GREENSTONE BELT,"CENTRAL KOLAR SCHIST BELT, DHARWAR SUPERGROUP",13.13,13.13,78.13,78.13,SUBAERIAL,,,s K-16 [7108],THOLEIITE [7108],,,,ARCHEAN [7108],,,,,VOLCANIC ROCK,,,,,WHOLE_ROCK [7108] ,246338.24500000002,5453.994,,74994.8667,,,,92498.7,66038.28,44021.92,1548.9160000000002,,6060.095,14243.6544,,,,,,,,,,,,,,,,,,,,,,,,,,,,,,,,,,,,,,,,,,,,,,,255,351,,,31,191,,,,,,,,4,78,28,61,0,,,,,,,,,,,,,150,,,,,,,,,,,,,,,,,,,,,,,,,,,,,,,,,,,,,,,,,,,,,,,,,,,,,183539,
[7108],ARCHEAN CRATON (INCLUDING GREENSTONE BELTS),DHARWAR CRATON / EASTERN DHARWAR CRATON DOMAIN / KOLAR GREENSTONE BELT,"CENTRAL KOLAR SCHIST BELT, DHARWAR SUPERGROUP",13.13,13.13,78.13,78.13,SUBAERIAL,,,s 22-4 [7108],THOLEIITE [7108],,,,ARCHEAN [7108],,,,,VOLCANIC ROCK,,,,,WHOLE_ROCK [7108] ,247647.063,4495.049999999999,,78540.8484,,,,90477.72,80046.4,43479.183999999994,1626.3618,,83.015,13130.8689,,,,,,,,,,,,,,,,,,,,,,,,,,,,,,,,,,,,,,,,,,,,,,,291,286,,,59,130,,,,,,,,4,91,18,50,0,,,,,,,,,,,,,22,,,,,,,,,,,,,,,,,,,,,,,,,,,,,,,,,,,,,,,,,,,,,,,,,,,,,183540,
[7108],ARCHEAN CRATON (INCLUDING GREENSTONE BELTS),DHARWAR CRATON / EASTERN DHARWAR CRATON DOMAIN / KOLAR GREENSTONE BELT,"CENTRAL KOLAR SCHIST BELT, DHARWAR SUPERGROUP",13.13,13.13,78.13,78.13,SUBAERIAL,,,s 13-3 [7108],THOLEIITE [7108],,,,ARCHEAN [7108],,,,,VOLCANIC ROCK,,,,,WHOLE_ROCK [7108] ,254471.614,4614.918,,72613.2372,,,,84414.78,86407.23,43358.576,1471.4702,,83.015,4525.3277,,,,,,,,,,,,,,,,,,,,,,,,,,,,,,,,,,,,,,,,,,,,,,,280,124,,,50,81,,,,,,,,3,13,20,52,5,,,,,,,,,,,,,10,,,,,,,,,,,,,,,,,,,,,,,,,,,,,,,,,,,,,,,,,,,,,,,,,,,,,183542,
[7108],ARCHEAN CRATON (INCLUDING GREENSTONE BELTS),DHARWAR CRATON / EASTERN DHARWAR CRATON DOMAIN / KOLAR GREENSTONE BELT,"CENTRAL KOLAR SCHIST BELT, DHARWAR SUPERGROUP",13.13,13.13,78.13,78.13,SUBAERIAL,,,s 19-7 [7108],THOLEIITE [7108],,,,ARCHEAN [7108],,,,,VOLCANIC ROCK,,,,,WHOLE_ROCK [7108] ,244982.6835,5274.192,,80763.7026,,,,79828.70999999999,77116.12999999999,43298.272,2091.0366,,1245.225,16024.111200000001,,,,,,,,,,,,,,,,,,,,,,,,,,,,,,,,,,,,,,,,,,,,,,,270,237,,,54,118,,,,,,,,3,102,23,54,2,,,,,,,,,,,,,56,,9.16,,6.44,2.07,0.75,2.7,,3.66,,2.43,,2.35,,,,,,,,,,,,,,,,,,,,,,,,,,,,,,,,,,,,,,,,183543,
[7108],ARCHEAN CRATON (INCLUDING GREENSTONE BELTS),DHARWAR CRATON / EASTERN DHARWAR CRATON DOMAIN / KOLAR GREENSTONE BELT,"CENTRAL KOLAR SCHIST BELT, DHARWAR SUPERGROUP",13.13,13.13,78.13,78.13,SUBAERIAL,,,s 19-14 [7108],THOLEIITE [7108],,,,ARCHEAN [7108],,,,,VOLCANIC ROCK,,,,,WHOLE_ROCK [7108] ,238999.51550000004,4375.182,,75841.6683,,,,78585.03,84048.72,43177.664,1626.3618,,498.09,18175.4965,,,,,,,,,,,,,,,,,,,,,,,,,,,,,,,,,,,,,,,,,,,,,,,271,380,,,64,131,,,,,,,,3,121,13,60,4,,,,,,,,,,,,,150,,,,,,,,,,,,,,,,,,,,,,,,,,,,,,,,,,,,,,,,,,,,,,,,,,,,,183544,
[7108],ARCHEAN CRATON (INCLUDING GREENSTONE BELTS),DHARWAR CRATON / EASTERN DHARWAR CRATON DOMAIN / KOLAR GREENSTONE BELT,"CENTRAL KOLAR SCHIST BELT, DHARWAR SUPERGROUP",13.13,13.13,78.13,78.13,SUBAERIAL,,,s 16-6 [7108],THOLEIITE [7108],,,,ARCHEAN [7108],,,,,VOLCANIC ROCK,,,,,WHOLE_ROCK [7108] ,236288.39250000002,4614.918,,76053.36869999999,,,,85114.34999999999,82976.67,42212.799999999996,1548.9160000000002,,996.18,13946.9116,,,,,,,,,,,,,,,,,,,,,,,,,,,,,,,,,,,,,,,,,,,,,,,302,386,,,64,137,,,,,,,,4,87,16,43,6,,,,,,,,,,,,,16,,6.16,,4.86,1.7,0.73,2.29,,3.05,,1.91,,1.78,,,,,,,,,,,,,,,,,,,,,,,,,,,,,,,,,,,,,,,,183545,
[7108],ARCHEAN CRATON (INCLUDING GREENSTONE BELTS),DHARWAR CRATON / EASTERN DHARWAR CRATON DOMAIN / KOLAR GREENSTONE BELT,"CENTRAL KOLAR SCHIST BELT, DHARWAR SUPERGROUP",13.13,13.13,78.13,78.13,SUBAERIAL,,,s 13-5/79 [7108],THOLEIITE [7108],,,,ARCHEAN [7108],,,,,VOLCANIC ROCK,,,,,WHOLE_ROCK [7108] ,244561.99200000003,4854.654,,78646.6986,,,,76952.7,85120.77,42092.192,1548.9160000000002,,664.12,15208.068499999998,,,,,,,,,,,,,,,,,,,,,,,,,,,,,,,,,,,,,,,,,,,,,,,290,331,,,62,133,,,,,,,,2,90,18,50,4,,,,,,,,,,,,,20,,5.43,,4.71,1.7,0.69,2.29,,3.1,,1.97,,1.86,,,,,,,,,,,,,,,,,,,,,,,,,,,,,,,,,,,,,,,,183546,
[7108],ARCHEAN CRATON (INCLUDING GREENSTONE BELTS),DHARWAR CRATON / EASTERN DHARWAR CRATON DOMAIN / KOLAR GREENSTONE BELT,"CENTRAL KOLAR SCHIST BELT, DHARWAR SUPERGROUP",13.13,13.13,78.13,78.13,SUBAERIAL,,,s 23-7 [7108],THOLEIITE [7108],,,,ARCHEAN [7108],,,,,VOLCANIC ROCK,,,,,WHOLE_ROCK [7108] ,262090.80450000003,4495.049999999999,,70496.2332,,,,74931.72,67896.5,41428.848,1471.4702,,664.12,24778.0238,,,,,,,,,,,,,,,,,,,,,,,,,,,,,,,,,,,,,,,,,,,,,,,245,301,,,54,107,,,,,,,,3,77,17,41,2.5,,,,,,,,,,,,,,,5.21,,4.68,1.61,0.64,2.1,,2.69,,1.69,,1.65,,,,,,,,,,,,,,,,,,,,,,,,,,,,,,,,,,,,,,,,183548,
[7108],ARCHEAN CRATON (INCLUDING GREENSTONE BELTS),DHARWAR CRATON / EASTERN DHARWAR CRATON DOMAIN / KOLAR GREENSTONE BELT,"CENTRAL KOLAR SCHIST BELT, DHARWAR SUPERGROUP",13.13,13.13,78.13,78.13,SUBAERIAL,,,s 20-1 [7108],THOLEIITE [7108],,,,ARCHEAN [7108],,,,,VOLCANIC ROCK,,,,,WHOLE_ROCK [7108] ,248909.1375,6892.409999999999,,77058.9456,,,,83792.93999999999,65966.81,40644.896,1781.2534,,1079.195,25074.7666,,,,,,,,,,,,,,,,,,,,,,,,,,,,,,,,,,,,,,,,,,,,,,,271,246,,,52,106,,,,,,,,9,69,17,56,0,,,,,,,,,,,,,111,,,,,,,,,,,,,,,,,,,,,,,,,,,,,,,,,,,,,,,,,,,,,,,,,,,,,183550,
[7108],ARCHEAN CRATON (INCLUDING GREENSTONE BELTS),DHARWAR CRATON / EASTERN DHARWAR CRATON DOMAIN / KOLAR GREENSTONE BELT,"CENTRAL KOLAR SCHIST BELT, DHARWAR SUPERGROUP",13.13,13.13,78.13,78.13,SUBAERIAL,,,s 13-5A [7108],THOLEIITE [7108],,,,ARCHEAN [7108],,,,,VOLCANIC ROCK,,,,,WHOLE_ROCK [7108] ,235119.805,6293.07,,79281.79980000001,,,,87912.63,96913.32,40584.592,2633.1572,,,10460.1837,,,,,,,,,,,,,,,,,,,,,,,,,,,,,,,,,,,,,,,,,,,,,,,336,323,,,56,106,,,,,,,,6,145,22,66,6,,,,,,,,,,,,,43,,,,,,,,,,,,,,,,,,,,,,,,,,,,,,,,,,,,,,,,,,,,,,,,,,,,,183551,
[7108],ARCHEAN CRATON (INCLUDING GREENSTONE BELTS),DHARWAR CRATON / EASTERN DHARWAR CRATON DOMAIN / KOLAR GREENSTONE BELT,"CENTRAL KOLAR SCHIST BELT, DHARWAR SUPERGROUP",13.13,13.13,78.13,78.13,SUBAERIAL,,,s 20-8 [7108],THOLEIITE [7108],,,,ARCHEAN [7108],,,,,VOLCANIC ROCK,,,,,WHOLE_ROCK [7108] ,251620.2605,6053.334,,77111.8707,,,,76874.97,86693.11,37629.695999999996,1239.1328,,249.045,5192.999,,,,,,,,,,,,,,,,,,,,,,,,,,,,,,,,,,,,,,,,,,,,,,,215,114,,,41,86,,,,,,,,11,179,22,65.8,2.2,,,,,,,,,,,,,64,,9.27,,7.41,2.49,0.86,3.37,,4.45,,2.93,,2.82,,,,,,,,,,,,,,,,,,,,,,,,,,,,,,,,,,,,,,,,183553,
[7108],ARCHEAN CRATON (INCLUDING GREENSTONE BELTS),DHARWAR CRATON / EASTERN DHARWAR CRATON DOMAIN / KOLAR GREENSTONE BELT,"CENTRAL KOLAR SCHIST BELT, DHARWAR SUPERGROUP",13.13,13.13,78.13,78.13,SUBAERIAL,,,s K-19 [7108],THOLEIITE [7108],,,,ARCHEAN [7108],,,,,VOLCANIC ROCK,,,,,WHOLE_ROCK [7108] ,243112.94350000002,4315.248,,87855.66600000001,,,,75009.45,81261.39,32986.28799999999,1239.1328,,1079.195,17211.0824,,,,,,,,,,,,,,,,,,,,,,,,,,,,,,,,,,,,,,,,,,,,,,,239,410,,,38,163,,,,,,,,11,78,18,59,0,,,,,,,,,,,,,98,,,,,,,,,,,,,,,,,,,,,,,,,,,,,,,,,,,,,,,,,,,,,,,,,,,,,183555,
[7108],ARCHEAN CRATON (INCLUDING GREENSTONE BELTS),DHARWAR CRATON / EASTERN DHARWAR CRATON DOMAIN / KOLAR GREENSTONE BELT,"CENTRAL KOLAR SCHIST BELT, DHARWAR SUPERGROUP",13.13,13.13,78.13,78.13,SUBAERIAL,,,s 23-7 [7108],THOLEIITE [7108],,,,ARCHEAN [7108],,,,,VOLCANIC ROCK,,,,,WHOLE_ROCK [7108] ,,,,,,,,,,,,,,,,,,,,,,,,,,,,,,,,,,,,,,,,,,,,,,,,,,,,,,,,,,,,,,,,,,,,,,,,,,,,,,,,,,,,,,,,,,,,,5.24,,4.69,1.59,0.63,,,2.71,,1.71,,1.66,,,,,,,,,,,,,,,,,,,,,,,,,,,,,,,,,,,,,,,,183561,
[5329],ARCHEAN CRATON (INCLUDING GREENSTONE BELTS),DHARWAR CRATON / EASTERN DHARWAR CRATON DOMAIN / KOLAR GREENSTONE BELT,"DIKES, CENTRAL KOLAR SCHIST BELT, DHARWAR SUPERGROUP",13.13,13.13,78.13,78.13,SUBAERIAL,,,s KGF1 [5329],THOLEIITE [5329],,,,ARCHEAN [5329],,,,,VOLCANIC ROCK,,,,,WHOLE_ROCK [5329] ,235119.805,6412.938,,73301.2635,,,,119471.01,62178.899999999994,45951.648,1781.2534,,2324.42,16988.5253,261.8526,,,,,,,,,,,,,,,,,,,,,,,,,,,,,,,,,,,,,,,,,,,,,,240,216,,,,133,,295,,,,,,,195,,81,,,,,,,,,,,,,,218,,22.5,,12.9,3.24,1.43,4.5,,4.75,,2.61,,2.97,,,,,,,,,,,,,,,,,,,,,,,,,,,,,,,,,,,,,,,,183562,
[5329],ARCHEAN CRATON (INCLUDING GREENSTONE BELTS),DHARWAR CRATON / EASTERN DHARWAR CRATON DOMAIN / KOLAR GREENSTONE BELT,"DIKES, CENTRAL KOLAR SCHIST BELT, DHARWAR SUPERGROUP",13.13,13.13,78.13,78.13,SUBAERIAL,,,s KGF2 [5329],THOLEIITE [5329],,,,ARCHEAN [5329],,,,,VOLCANIC ROCK,,,,,WHOLE_ROCK [5329] ,235633.9835,5573.862,,74095.14,,,,102992.25,67539.15,49509.584,1626.3618,,2656.48,18175.4965,261.8526,,,,,,,,,,,,,,,,,,,,,,,,,,,,,,,,,,,,,,,,,,,,,,215,232,,,,142,,370,,,,,,,198,,70,,,,,,,,,,,,,,193,,,,,,,,,,,,,,,,,,,,,,,,,,,,,,,,,,,,,,,,,,,,,,,,,,,,,183563,
[5329],ARCHEAN CRATON (INCLUDING GREENSTONE BELTS),DHARWAR CRATON / EASTERN DHARWAR CRATON DOMAIN / KOLAR GREENSTONE BELT,"DIKES, CENTRAL KOLAR SCHIST BELT, DHARWAR SUPERGROUP",13.13,13.13,78.13,78.13,SUBAERIAL,,,s KGF3A [5329],THOLEIITE [5329],,,,ARCHEAN [5329],,,,,VOLCANIC ROCK,,,,,WHOLE_ROCK [5329] ,242131.33000000002,7431.816,,75682.89300000001,,,,102992.25,67539.15,40463.984,1548.9160000000002,,2822.51,16988.5253,305.4947,,,,,,,,,,,,,,,,,,,,,,,,,,,,,,,,,,,,,,,,,,,,,,215,165,,,,221,,2950,,,,,,,220,,116,,,,,,,,,,,,,,220,,,,,,,,,,,,,,,,,,,,,,,,,,,,,,,,,,,,,,,,,,,,,,,,,,,,,183564,
[5329],ARCHEAN CRATON (INCLUDING GREENSTONE BELTS),DHARWAR CRATON / EASTERN DHARWAR CRATON DOMAIN / KOLAR GREENSTONE BELT,"DIKES, CENTRAL KOLAR SCHIST BELT, DHARWAR SUPERGROUP",13.13,13.13,78.13,78.13,SUBAERIAL,,,s KGF3B [5329],THOLEIITE [5329],,,,ARCHEAN [5329],,,,,VOLCANIC ROCK,,,,,WHOLE_ROCK [5329] ,239513.69400000002,7851.354,,73830.5145,,,,124445.73000000001,67539.15,41489.151999999995,1626.3618,,3320.6000000000004,18175.4965,305.4947,,,,,,,,,,,,,,,,,,,,,,,,,,,,,,,,,,,,,,,,,,,,,,257,184,,,,126,,380,,,,,,,205,,109,,,,,,,,,,,,,,384,,30.1,,17.4,4.59,1.86,4.78,,6.15,,2.9,,3,,,,,,,,,,,,,,,,,,,,,,,,,,,,,,,,,,,,,,,,183565,
[5329],ARCHEAN CRATON (INCLUDING GREENSTONE BELTS),DHARWAR CRATON / EASTERN DHARWAR CRATON DOMAIN / KOLAR GREENSTONE BELT,"DIKES, CENTRAL KOLAR SCHIST BELT, DHARWAR SUPERGROUP",13.13,13.13,78.13,78.13,SUBAERIAL,,,s KGF4 [5329],THOLEIITE [5329],,,,ARCHEAN [5329],,,,,VOLCANIC ROCK,,,,,WHOLE_ROCK [5329] ,228622.4585,7551.683999999999,,75365.34240000001,,,,116439.54000000001,74686.15,43479.183999999994,,,2988.54,18843.1678,349.1368,,,,,,,,,,,,,,,,,,,,,,,,,,,,,,,,,,,,,,,,,,,,,,285,120,,,,126,,1270,,,,,,,312,,99,,,,,,,,,,,,,,334,,,,,,,,,,,,,,,,,,,,,,,,,,,,,,,,,,,,,,,,,,,,,,,,,,,,,183566,
[5329],ARCHEAN CRATON (INCLUDING GREENSTONE BELTS),DHARWAR CRATON / EASTERN DHARWAR CRATON DOMAIN / KOLAR GREENSTONE BELT,"DIKES, CENTRAL KOLAR SCHIST BELT, DHARWAR SUPERGROUP",13.13,13.13,78.13,78.13,SUBAERIAL,,,s KGF5 [5329],THOLEIITE [5329],,,,ARCHEAN [5329],,,,,VOLCANIC ROCK,,,,,WHOLE_ROCK [5329] ,225256.9265,4195.379999999999,,76794.3201,,,,86979.87,90766.9,58494.87999999999,1471.4702,,1660.3000000000002,12463.1976,261.8526,,,,,,,,,,,,,,,,,,,,,,,,,,,,,,,,,,,,,,,,,,,,,,251,173,,,,174,,920,,,,,,,160,,44,,,,,,,,,,,,,,139,,,,,,,,,,,,,,,,,,,,,,,,,,,,,,,,,,,,,,,,,,,,,,,,,,,,,183567,
[5329],ARCHEAN CRATON (INCLUDING GREENSTONE BELTS),DHARWAR CRATON / EASTERN DHARWAR CRATON DOMAIN / KOLAR GREENSTONE BELT,"DIKES, CENTRAL KOLAR SCHIST BELT, DHARWAR SUPERGROUP",13.13,13.13,78.13,78.13,SUBAERIAL,,,s KGF6 [5329],THOLEIITE [5329],,,,ARCHEAN [5329],,,,,VOLCANIC ROCK,,,,,WHOLE_ROCK [5329] ,232315.19500000004,7551.683999999999,,70760.8587,,,,114496.29000000001,71112.65,43418.88,1781.2534,,2988.54,16395.039699999998,349.1368,,,,,,,,,,,,,,,,,,,,,,,,,,,,,,,,,,,,,,,,,,,,,,293,190,,,,193,,2650,,,,,,,292,,82,,,,,,,,,,,,,,387,,,,,,,,,,,,,,,,,,,,,,,,,,,,,,,,,,,,,,,,,,,,,,,,,,,,,183568,
[5329],ARCHEAN CRATON (INCLUDING GREENSTONE BELTS),DHARWAR CRATON / EASTERN DHARWAR CRATON DOMAIN / KOLAR GREENSTONE BELT,"DIKES, CENTRAL KOLAR SCHIST BELT, DHARWAR SUPERGROUP",13.13,13.13,78.13,78.13,SUBAERIAL,,,s KGF7 [5329],THOLEIITE [5329],,,,ARCHEAN [5329],,,,,VOLCANIC ROCK,,,,,WHOLE_ROCK [5329] ,227734.33200000002,6472.872,,73936.3647,,,,102992.25,75758.2,45951.648,1703.8076,,3237.585,16988.5253,349.1368,,,,,,,,,,,,,,,,,,,,,,,,,,,,,,,,,,,,,,,,,,,,,,266,217,,,,236,,3300,,,,,,,315,,89,,,,,,,,,,,,,,429,,25.6,,16.2,3.98,1.64,4.65,,6.1,,2.94,,2.97,,,,,,,,,,,,,,,,,,,,,,,,,,,,,,,,,,,,,,,,183569,
[5329],ARCHEAN CRATON (INCLUDING GREENSTONE BELTS),DHARWAR CRATON / EASTERN DHARWAR CRATON DOMAIN / KOLAR GREENSTONE BELT,"DIKES, CENTRAL KOLAR SCHIST BELT, DHARWAR SUPERGROUP",13.13,13.13,78.13,78.13,SUBAERIAL,,,s KGF8 [5329],THOLEIITE [5329],,,,ARCHEAN [5329],,,,,VOLCANIC ROCK,,,,,WHOLE_ROCK [5329] ,223013.23850000004,6353.004,,72983.7129,,,,102992.25,78617,44986.784,1703.8076,,3735.675,25445.6951,305.4947,,,,,,,,,,,,,,,,,,,,,,,,,,,,,,,,,,,,,,,,,,,,,,253,164,,,,122,,610,,,,,,,312,,75,,,,,,,,,,,,,,309,,,,,,,,,,,,,,,,,,,,,,,,,,,,,,,,,,,,,,,,,,,,,,,,,,,,,183570,
[5329],ARCHEAN CRATON (INCLUDING GREENSTONE BELTS),DHARWAR CRATON / EASTERN DHARWAR CRATON DOMAIN / KOLAR GREENSTONE BELT,"DIKES, CENTRAL KOLAR SCHIST BELT, DHARWAR SUPERGROUP",13.13,13.13,78.13,78.13,SUBAERIAL,,,s KGF9A [5329],THOLEIITE [5329],,,,ARCHEAN [5329],,,,,VOLCANIC ROCK,,,,,WHOLE_ROCK [5329] ,229510.58500000002,8690.429999999998,,70760.8587,,,,138981.24,59320.100000000006,37448.784,1703.8076,,2988.54,16395.039699999998,305.4947,,,,,,,,,,,,,,,,,,,,,,,,,,,,,,,,,,,,,,,,,,,,,,276,196,,,,162,,720,,,,,,,215,,140,,,,,,,,,,,,,,509,,55,,29.1,7.2,2.45,7.5,,8.75,,5.6,,5.6,,,,,,,,,,,,,,,,,,,,,,,,,,,,,,,,,,,,,,,,183571,
[5329],ARCHEAN CRATON (INCLUDING GREENSTONE BELTS),DHARWAR CRATON / EASTERN DHARWAR CRATON DOMAIN / KOLAR GREENSTONE BELT,"DIKES, CENTRAL KOLAR SCHIST BELT, DHARWAR SUPERGROUP",13.13,13.13,78.13,78.13,SUBAERIAL,,,s KGF9B [5329],THOLEIITE [5329],,,,ARCHEAN [5329],,,,,VOLCANIC ROCK,,,,,WHOLE_ROCK [5329] ,236989.54500000004,8510.627999999999,,68908.4802,,,,138981.24,59320.100000000006,34976.32,1626.3618,,3486.6299999999997,16395.039699999998,305.4947,,,,,,,,,,,,,,,,,,,,,,,,,,,,,,,,,,,,,,,,,,,,,,271,145,,,,166,,1390,,,,,,,227,,128,,,,,,,,,,,,,,473,,,,,,,,,,,,,,,,,,,,,,,,,,,,,,,,,,,,,,,,,,,,,,,,,,,,,183572,
[5329],ARCHEAN CRATON (INCLUDING GREENSTONE BELTS),DHARWAR CRATON / EASTERN DHARWAR CRATON DOMAIN / KOLAR GREENSTONE BELT,"DIKES, CENTRAL KOLAR SCHIST BELT, DHARWAR SUPERGROUP",13.13,13.13,78.13,78.13,SUBAERIAL,,,s KGF9C [5329],THOLEIITE [5329],,,,ARCHEAN [5329],,,,,VOLCANIC ROCK,,,,,WHOLE_ROCK [5329] ,227874.56250000003,7971.222,,71025.4842,,,,135483.38999999998,65037.7,37448.784,1626.3618,,3652.66,18175.4965,261.8526,,,,,,,,,,,,,,,,,,,,,,,,,,,,,,,,,,,,,,,,,,,,,,265,151,,,,245,,365,,,,,,,222,,120,,,,,,,,,,,,,,354,,,,,,,,,,,,,,,,,,,,,,,,,,,,,,,,,,,,,,,,,,,,,,,,,,,,,183573,
[5329],ARCHEAN CRATON (INCLUDING GREENSTONE BELTS),DHARWAR CRATON / EASTERN DHARWAR CRATON DOMAIN / KOLAR GREENSTONE BELT,"DIKES, CENTRAL KOLAR SCHIST BELT, DHARWAR SUPERGROUP",13.13,13.13,78.13,78.13,SUBAERIAL,,,s KGF9D [5329],THOLEIITE [5329],,,,ARCHEAN [5329],,,,,VOLCANIC ROCK,,,,,WHOLE_ROCK [5329] ,237456.98,7971.222,,70231.60770000001,,,,129498.18000000001,71470,33468.719999999994,1548.9160000000002,,1992.36,17582.0109,305.4947,,,,,,,,,,,,,,,,,,,,,,,,,,,,,,,,,,,,,,,,,,,,,,258,137,,,,167,,350,,,,,,,235,,120,,,,,,,,,,,,,,354,,,,,,,,,,,,,,,,,,,,,,,,,,,,,,,,,,,,,,,,,,,,,,,,,,,,,183574,
[5329],ARCHEAN CRATON (INCLUDING GREENSTONE BELTS),DHARWAR CRATON / EASTERN DHARWAR CRATON DOMAIN / KOLAR GREENSTONE BELT,"DIKES, CENTRAL KOLAR SCHIST BELT, DHARWAR SUPERGROUP",13.13,13.13,78.13,78.13,SUBAERIAL,,,s KGF10 [5329],KOMATIITE [5329],,,,ARCHEAN [5329],,,,,VOLCANIC ROCK,,,,,WHOLE_ROCK [5329] ,238391.85,4315.248,,48691.092,,,,80994.66,85764,86475.93599999999,1471.4702,,2988.54,13353.426,87.2842,,,,,,,,,,,,,,,,,,,,,,,,,,,,,,,,,,,,,,,,,,,,,,154,1624,,,,525,,915,,,,,,,232,,66,,,,,,,,,,,,,,276,,,,,,,,,,,,,,,,,,,,,,,,,,,,,,,,,,,,,,,,,,,,,,,,,,,,,183575,
[5200],ARCHEAN CRATON (INCLUDING GREENSTONE BELTS),DHARWAR CRATON / WESTERN DHARWAR CRATON DOMAIN / KALYADI SCHIST BELT,"ABOUT 1 KM SOUTHEAST OF KALYADI, SARGUR GROUP",12.83,13,78.25,78.25,SUBAERIAL,,,s U2 [5200],BASALT [5200],,,,ARCHEAN [5200],,,,MASSIVE AND FINE-GRAINED [5200] ,VOLCANIC ROCK,,,,,WHOLE_ROCK [5200] ,213150.36000000002,1198.68,,27468.126900000003,,14477.579999999998,35522.61,,67324.74,191947.63199999998,1471.4702,,2075.375,4599.5134,130.9263,,,,,,,,,,,,,,,,46500.,,,,,,,,,,,,,,,,,,,,,,,,,,,,,,108,3424,,,94,1793,24,43,,,,,,5,,,,,,,,,,,,,,,,,40,,,,,,,,,,,,,,,,,,,,,,,,,,,,,,,,,,,,,,,,,,,,,,,,,,,,,183589,
[5200],ARCHEAN CRATON (INCLUDING GREENSTONE BELTS),DHARWAR CRATON / WESTERN DHARWAR CRATON DOMAIN / KALYADI SCHIST BELT,"ABOUT 1 KM SOUTHEAST OF KALYADI, SARGUR GROUP",12.83,13,78.25,78.25,SUBAERIAL,,,s D1 [5200],BASALT [5200],,,,ARCHEAN [5200],,,,MASSIVE AND FINE-GRAINED [5200] ,VOLCANIC ROCK,,,,,WHOLE_ROCK [5200] ,217357.27500000002,1018.878,,30431.932500000003,,42103.88,32491.14,,32161.5,191766.72,464.6748,,498.09,4525.3277,1396.5472,,,,,,,,,,,,,,,,41200.,,,,,,,,,,,,,,,,,,,,,,,,,,,,,,111,3395,,,104,1427,24,40,,,,,,3,21,,,,,,,,,,,,,,,,57,,,,,,,,,,,,,,,,,,,,,,,,,,,,,,,,,,,,,,,,,,,,,,,,,,,,,183590,
[5200],ARCHEAN CRATON (INCLUDING GREENSTONE BELTS),DHARWAR CRATON / WESTERN DHARWAR CRATON DOMAIN / KALYADI SCHIST BELT,"ABOUT 1 KM SOUTHEAST OF KALYADI, SARGUR GROUP",12.83,13,78.25,78.25,SUBAERIAL,,,s U8 [5200],BASALT [5200],,,,ARCHEAN [5200],,,,MASSIVE AND FINE-GRAINED [5200] ,VOLCANIC ROCK,,,,,WHOLE_ROCK [5200] ,231380.325,1618.218,,5133.7347,,74346.22,1632.33,,21583.94,204008.43199999997,309.7832,,498.09,6083.2274,3011.3048999999996,,,,,,,,,,,,,,,,42600.,,,,,,,,,,,,,,,,,,,,,,,,,,,,,,,1863,,,96,1333,30,149,,,,,,3,34,,,,,,,,,,,,,,,,,,,,,,,,,,,,,,,,,,,,,,,,,,,,,,,,,,,,,,,,,,,,,,,,,,,,,183591,
[5200],ARCHEAN CRATON (INCLUDING GREENSTONE BELTS),DHARWAR CRATON / WESTERN DHARWAR CRATON DOMAIN / KALYADI SCHIST BELT,"ABOUT 1 KM SOUTHEAST OF KALYADI, SARGUR GROUP",12.83,13,78.25,78.25,SUBAERIAL,,,s U1 [5200],KOMATIITE [5200],,,,ARCHEAN [5200],,,,,VOLCANIC ROCK,,,,,WHOLE_ROCK [5200] ,221190.24200000003,299.67,,19635.2121,,41614.3,23085.81,,22441.58,211606.736,1394.0244,,4150.75,6602.5273,436.42100000000005,,,,,,,,,,,,,,,,54500.,,,,,,,,,,,,,,,,,,,,,,,,,,,,,,,2196,,,124,1048,31,154,,,,,,3,14,,,,,,,,,,,,,,,,20,0.18,2.4,,1.29,0.41,0.13,0.47,0.1,0.63,,,,0.4,0.07,,,,,,,,,,,,,,,,,,,,,,,,,,,,,,,,,,,,,,,183592,
[5200],ARCHEAN CRATON (INCLUDING GREENSTONE BELTS),DHARWAR CRATON / WESTERN DHARWAR CRATON DOMAIN / KALYADI SCHIST BELT,"ABOUT 1 KM SOUTHEAST OF KALYADI, SARGUR GROUP",12.83,13,78.25,78.25,SUBAERIAL,,,s U3 [5200],KOMATIITE [5200],,,,ARCHEAN [5200],,,,,VOLCANIC ROCK,,,,,WHOLE_ROCK [5200] ,214131.97350000002,958.944,,25298.1978,,26227.5,26739.12,,29159.760000000002,207385.45599999998,1084.2412000000002,,332.06,2225.571,261.8526,,,,,,,,,,,,,,,,30099.999999999996,,,,,,,,,,,,,,,,,,,,,,,,,,,,,,118,4115,,,24,1453,50,50,,,,,,3,3,,,,,,,,,,,,,,,,20,,,,,,,,,,,,,,,,,,,,,,,,,,,,,,,,,,,,,,,,,,,,,,,,,,,,,183593,
[5200],ARCHEAN CRATON (INCLUDING GREENSTONE BELTS),DHARWAR CRATON / WESTERN DHARWAR CRATON DOMAIN / KALYADI SCHIST BELT,"ABOUT 1 KM SOUTHEAST OF KALYADI, SARGUR GROUP",12.83,13,78.25,78.25,SUBAERIAL,,,s K212 [5200],KOMATIITE [5200],,,,ARCHEAN [5200],,,,,VOLCANIC ROCK,,,,,WHOLE_ROCK [5200] ,241289.94700000001,1018.878,,37629.746100000004,,22450.739999999998,35988.99,,16509.57,181937.168,309.7832,,830.1500000000001,3264.1708,610.9894,,,,,,,,,,,,,,,,49900.,,,,,,,,,,,,,,,,,,,,,,,,,,,,,,,3154,,,46,1339,105,50,,,,,,2,3,,,,,,,,,,,,,,,,38,,,,,,,,,,,,,,,,,,,,,,,,,,,,,,,,,,,,,,,,,,,,,,,,,,,,,183594,
[5200],ARCHEAN CRATON (INCLUDING GREENSTONE BELTS),DHARWAR CRATON / WESTERN DHARWAR CRATON DOMAIN / KALYADI SCHIST BELT,"ABOUT 1 KM SOUTHEAST OF KALYADI, SARGUR GROUP",12.83,13,78.25,78.25,SUBAERIAL,,,s D125 [5200],KOMATIITE [5200],,,,ARCHEAN [5200],,,,,VOLCANIC ROCK,,,,,WHOLE_ROCK [5200] ,224415.5435,479.472,,18100.3842,,11190.400000000001,38243.159999999996,,35234.71,217516.528,1161.687,,415.07500000000005,3041.6137,87.2842,,,,,,,,,,,,,,,,53800.,,,,,,,,,,,,,,,,,,,,,,,,,,,,,,,2835,,,101,2219,32,50,,,,,,1,3,,,,,,,,,,,,,,,,12,0.82,2.51,,1.41,0.33,0.08,0.39,0.06,0.41,,,,0.33,0.06,,,,,,,,,,,,,,,,,,,,,,,,,,,,,,,,,,,,,,,183595,
[5200],ARCHEAN CRATON (INCLUDING GREENSTONE BELTS),DHARWAR CRATON / WESTERN DHARWAR CRATON DOMAIN / KALYADI SCHIST BELT,"ABOUT 1 KM SOUTHEAST OF KALYADI, SARGUR GROUP",12.83,13,78.25,78.25,SUBAERIAL,,,s D77 [5200],KOMATIITE [5200],,,,ARCHEAN [5200],,,,,VOLCANIC ROCK,,,,,WHOLE_ROCK [5200] ,229136.63700000005,599.34,,5715.910800000001,,37557.78,23552.19,,8862.28,230843.712,1703.8076,,415.07500000000005,4376.9563,1396.5472,,,,,,,,,,,,,,,,72600.,,,,,,,,,,,,,,,,,,,,,,,,,,,,,,,3301,,,109,1961,47,36,,,,,,,10,,,,,,,,,,,,,,,,,,,,,,,,,,,,,,,,,,,,,,,,,,,,,,,,,,,,,,,,,,,,,,,,,,,,,183596,
[5200],ARCHEAN CRATON (INCLUDING GREENSTONE BELTS),DHARWAR CRATON / WESTERN DHARWAR CRATON DOMAIN / KALYADI SCHIST BELT,"ABOUT 1 KM SOUTHEAST OF KALYADI, SARGUR GROUP",12.83,13,78.25,78.25,SUBAERIAL,,,s D7 [5200],KOMATIITE [5200],,,,ARCHEAN [5200],,,,,VOLCANIC ROCK,,,,,WHOLE_ROCK [5200] ,261763.60000000003,958.944,,26356.699800000002,,1328.8600000000001,40963.71,,786.17,196168.91199999998,929.3496,,249.045,3635.0993,218.21050000000002,,,,,,,,,,,,,,,,58099.99999999999,,,,,,,,,,,,,,,,,,,,,,,,,,,,,,118,3869,,,77,2572,36,88,,,,,,4,7,,,,,,,,,,,,,,,,10,,,,,,,,,,,,,,,,,,,,,,,,,,,,,,,,,,,,,,,,,,,,,,,,,,,,,183597,
[5200],ARCHEAN CRATON (INCLUDING GREENSTONE BELTS),DHARWAR CRATON / WESTERN DHARWAR CRATON DOMAIN / KALYADI SCHIST BELT,"ABOUT 1 KM SOUTHEAST OF KALYADI, SARGUR GROUP",12.83,13,78.25,78.25,SUBAERIAL,,,s D2 [5200],KOMATIITE [5200],,,,ARCHEAN [5200],,,,,VOLCANIC ROCK,,,,,WHOLE_ROCK [5200] ,222966.49500000002,839.076,,32178.4608,,25318.280000000002,40497.33,,29016.819999999996,190681.248,1471.4702,,3403.615,4747.8848,1178.3367,,,,,,,,,,,,,,,,56500.,,,,,,,,,,,,,,,,,,,,,,,,,,,,,,118,3399,,,85,1570,22,48,,,,,,2,9,,,,,,,,,,,,,,,,,,,,,,,,,,,,,,,,,,,,,,,,,,,,,,,,,,,,,,,,,,,,,,,,,,,,,183598,
[5200],ARCHEAN CRATON (INCLUDING GREENSTONE BELTS),DHARWAR CRATON / WESTERN DHARWAR CRATON DOMAIN / KALYADI SCHIST BELT,"ABOUT 1 KM SOUTHEAST OF KALYADI, SARGUR GROUP",12.83,13,78.25,78.25,SUBAERIAL,,,s D145 [5200],KOMATIITE [5200],,,,ARCHEAN [5200],,,,,VOLCANIC ROCK,,,,,WHOLE_ROCK [5200] ,248815.65050000002,539.406,,16724.3316,,26926.9,26661.390000000003,,15866.340000000002,197013.168,774.4580000000001,,332.06,6231.5988,1396.5472,,,,,,,,,,,,,,,,21500.,,,,,,,,,,,,,,,,,,,,,,,,,,,,,,114,2125,,,108,1926,57,71,,,,,,1,3,,,,,,,,,,,,,,,,1,,,,,,,,,,,,,,,,,,,,,,,,,,,,,,,,,,,,,,,,,,,,,,,,,,,,,183599,
[5200],ARCHEAN CRATON (INCLUDING GREENSTONE BELTS),DHARWAR CRATON / WESTERN DHARWAR CRATON DOMAIN / KALYADI SCHIST BELT,"ABOUT 1 KM SOUTHEAST OF KALYADI, SARGUR GROUP",12.83,13,78.25,78.25,SUBAERIAL,,,s 207 [5200],KOMATIITE [5200],,,,ARCHEAN [5200],,,,,VOLCANIC ROCK,,,,,WHOLE_ROCK [5200] ,243907.583,958.944,,36412.4688,,17485.,42440.58,,9862.859999999999,185555.408,1006.7954,,83.015,2448.1281,610.9894,,,,,,,,,,,,,,,,50599.99999999999,,,,,,,,,,,,,,,,,,,,,,,,,,,,,,111,3137,,,89,1310,69,54,,,,,,8,7,,,,,,,,,,,,,,,,20,1.35,2.64,,1.02,0.33,0.14,0.54,0.1,0.75,,,,0.52,0.07,,,,,,,,,,,,,,,,,,,,,,,,,,,,,,,,,,,,,,,183600,
[5684],ARCHEAN CRATON (INCLUDING GREENSTONE BELTS),DHARWAR CRATON / EASTERN DHARWAR CRATON DOMAIN / SANDUR GREENSTONE BELT,"COPPER MOUNTAIN REGION, DHARWAR SUPERGROUP",15,15.25,76.7,76.9,SUBAERIAL,,,s 106 [5684],"BASALT, PICRITIC [5684]",,,,ARCHEAN [5684],,,,,VOLCANIC ROCK,,,,,WHOLE_ROCK [5684] ,228248.5105,5873.531999999999,,45409.7358,,12938.900000000001,76175.40000000001,,85263.70999999999,78576.112,1394.0244,,1245.225,7715.3128,305.4947,,,,,,,,,,,,,,,,27599.999999999996,,,,,,,,,,,,,,,,,,,,,,,,,,,,59,,282,1308,,,58,361,113,,,,,,,6,48,25,15,2,,,,,,,,,,,,,14,4.42,10.2,1.43,6.57,2.2,0.89,3.12,,3.5,,1.91,,1.86,0.25,0.75,0.17,,,,,,,,,,,0.29,0.07,,,,,,,,,,,,,,,,,,,,,,,,,183601,
[5684],ARCHEAN CRATON (INCLUDING GREENSTONE BELTS),DHARWAR CRATON / EASTERN DHARWAR CRATON DOMAIN / SANDUR GREENSTONE BELT,"COPPER MOUNTAIN REGION, DHARWAR SUPERGROUP",15,15.25,76.7,76.9,SUBAERIAL,,,s 114 [5684],THOLEIITE [5684],,,,ARCHEAN [5684],,,,,VOLCANIC ROCK,,,,,WHOLE_ROCK [5684] ,213384.0775,4195.379999999999,,88120.29149999999,,12029.68,66148.23,,70183.54000000001,68927.472,1239.1328,,1494.27,11869.712,698.2736,,,,,,,,,,,,,,,,29100.,,,,,,,,,,,,,,,,,,,,,,,,,,,,31,,204,425,,,76,304,105,,,,,,,16,113,14,14,1,,,,,,,,,,,,,25,1.69,3.48,0.53,2.5,1.03,0.54,1.36,,1.91,,1.01,,1.07,0.18,0.41,0.03,,,,,,,,,,,0.08,0.04,,,,,,,,,,,,,,,,,,,,,,,,,183602,
[5684],ARCHEAN CRATON (INCLUDING GREENSTONE BELTS),DHARWAR CRATON / EASTERN DHARWAR CRATON DOMAIN / SANDUR GREENSTONE BELT,"COPPER MOUNTAIN REGION, DHARWAR SUPERGROUP",15,15.25,76.7,76.9,SUBAERIAL,,,s 82 [5684],THOLEIITE [5684],,,,ARCHEAN [5684],,,,,VOLCANIC ROCK,,,,,WHOLE_ROCK [5684] ,228341.99750000003,3536.1059999999998,,80552.0022,,12659.140000000001,66070.5,,70540.89,61389.471999999994,1161.687,,2573.465,16098.2969,174.5684,,,,,,,,,,,,,,,,20000,,,,,,,,,,,,,,,,,,,,,,,,,,,,32,,245,467,,,60,283,108,,,,,,,21,130,16,8,1,,,,,,,,,,,,,85,1.86,5.38,0.9,3.44,1.32,0.6,1.87,,2.6,,1.47,,1.48,0.21,0.29,0.05,,,,,,,,,,,0.3,0.1,,,,,,,,,,,,,,,,,,,,,,,,,183603,
[5684],ARCHEAN CRATON (INCLUDING GREENSTONE BELTS),DHARWAR CRATON / EASTERN DHARWAR CRATON DOMAIN / SANDUR GREENSTONE BELT,"COPPER MOUNTAIN REGION, DHARWAR SUPERGROUP",15,15.25,76.7,76.9,SUBAERIAL,,,s 111 [5684],THOLEIITE [5684],,,,ARCHEAN [5684],,,,,VOLCANIC ROCK,,,,,WHOLE_ROCK [5684] ,229604.07200000001,8330.826,,76159.2189,,11610.039999999999,91721.40000000001,,59177.159999999996,48966.84799999999,1316.5786,,1411.255,16765.9682,349.1368,,,,,,,,,,,,,,,,21000.,,,,,,,,,,,,,,,,,,,,,,,,,,,,37,,405,114,,,63,144,105,,,,,,,5,126,32,16,3,,,,,,,,,,,,,31,4.17,11.02,1.48,7.21,2.48,0.99,2.96,,3.6,,2.31,,2.53,0.32,0.59,0.13,,,,,,,,,,,0.28,0.06,,,,,,,,,,,,,,,,,,,,,,,,,183604,
[5684],ARCHEAN CRATON (INCLUDING GREENSTONE BELTS),DHARWAR CRATON / EASTERN DHARWAR CRATON DOMAIN / SANDUR GREENSTONE BELT,"COPPER MOUNTAIN REGION, DHARWAR SUPERGROUP",15,15.25,76.7,76.9,SUBAERIAL,,,s 103 [5684],THOLEIITE [5684],,,,ARCHEAN [5684],,,,,VOLCANIC ROCK,,,,,WHOLE_ROCK [5684] ,231380.325,5993.4,,76317.9942,,13078.78,87057.59999999999,,70112.07,41187.632,1471.4702,,664.12,14762.9543,349.1368,,,,,,,,,,,,,,,,22000.,,,,,,,,,,,,,,,,,,,,,,,,,,,,39,,274,213,,,58,121,47,,,,,,,1,145,25,18,3,,,,,,,,,,,,,22,3.78,9.66,1.22,7.01,2.6,0.89,3.4,,3.82,,2.08,,1.93,0.3,0.55,0.17,,,,,,,,,,,0.35,0.1,,,,,,,,,,,,,,,,,,,,,,,,,183605,
[5684],ARCHEAN CRATON (INCLUDING GREENSTONE BELTS),DHARWAR CRATON / EASTERN DHARWAR CRATON DOMAIN / SANDUR GREENSTONE BELT,"COPPER MOUNTAIN REGION, DHARWAR SUPERGROUP",15,15.25,76.7,76.9,SUBAERIAL,,,s 44 [5684],THOLEIITE [5684],,,,ARCHEAN [5684],,,,,VOLCANIC ROCK,,,,,WHOLE_ROCK [5684] ,240261.59000000003,6592.74,,77799.897,,21191.82,57753.39,,58533.92999999999,49931.71199999999,1161.687,,3652.66,19955.953299999997,829.1999000000001,,,,,,,,,,,,,,,,20000,,,,,,,,,,,,,,,,,,,,,,,,,,,,35,,254,145,,,39,90,51,,,,,,,24,148,34,29,5,,,,,,,,,,,,,71,6.54,15.63,2.01,10.44,2.77,1.19,3.57,,4.68,,2.7,,3.16,0.4,0.91,0.29,,,,,,,,,,,0.66,0.23,,,,,,,,,,,,,,,,,,,,,,,,,183606,
[5684],ARCHEAN CRATON (INCLUDING GREENSTONE BELTS),DHARWAR CRATON / EASTERN DHARWAR CRATON DOMAIN / SANDUR GREENSTONE BELT,"COPPER MOUNTAIN REGION, DHARWAR SUPERGROUP",15,15.25,76.7,76.9,SUBAERIAL,,,s 101 [5684],THOLEIITE [5684],,,,ARCHEAN [5684],,,,,VOLCANIC ROCK,,,,,WHOLE_ROCK [5684] ,244001.07000000004,8690.429999999998,,72613.2372,,16855.54,71744.79000000001,,62178.899999999994,44021.92,1316.5786,,1245.225,17136.8967,1047.4104,,,,,,,,,,,,,,,,20800.,,,,,,,,,,,,,,,,,,,,,,,,,,,,45,,365,36,,,49,62,82,,,,,,,6,110,35,18,6,,,,,,,,,,,,,13,6.41,16.85,2.21,10.37,3.48,1.22,3.96,,4.28,,2.7,,3.18,0.48,0.83,0.32,,,,,,,,,,,0.53,0.13,,,,,,,,,,,,,,,,,,,,,,,,,183607,
[5684],ARCHEAN CRATON (INCLUDING GREENSTONE BELTS),DHARWAR CRATON / EASTERN DHARWAR CRATON DOMAIN / SANDUR GREENSTONE BELT,"COPPER MOUNTAIN REGION, DHARWAR SUPERGROUP",15,15.25,76.7,76.9,SUBAERIAL,,,s 7 [5684],THOLEIITE [5684],,,,ARCHEAN [5684],,,,,VOLCANIC ROCK,,,,,WHOLE_ROCK [5684] ,245590.34900000002,5334.126,,70655.0085,,13848.119999999999,84725.7,,54460.14,35699.968,1394.0244,,7139.29,17952.9394,436.42100000000005,,,,,,,,,,,,,,,,26000.,,,,,,,,,,,,,,,,,,,,,,,,,,,,39,,254,146,,,54,91,41,,,,,,,31,137,30,63,4,,,,,,,,,,,,,179,16.02,31.57,3.49,13.41,3.25,1.27,4.5,,4.45,,2.66,,2.99,0.39,1.57,0.3,,,,,,,,,,,2.08,0.44,,,,,,,,,,,,,,,,,,,,,,,,,183608,
[5684],ARCHEAN CRATON (INCLUDING GREENSTONE BELTS),DHARWAR CRATON / EASTERN DHARWAR CRATON DOMAIN / SANDUR GREENSTONE BELT,"COPPER MOUNTAIN REGION, DHARWAR SUPERGROUP",15,15.25,76.7,76.9,SUBAERIAL,,,s 14 [5684],THOLEIITE [5684],,,,ARCHEAN [5684],,,,,VOLCANIC ROCK,,,,,WHOLE_ROCK [5684] ,249142.855,7431.816,,73036.638,,20632.300000000003,60784.86,,58105.11000000001,43961.615999999995,1161.687,,996.18,23368.495499999997,872.8420000000001,,,,,,,,,,,,,,,,15200.,,,,,,,,,,,,,,,,,,,,,,,,,,,,35,,257,106,,,39,82,27,,,,,,,2,141,37,47,5,,,,,,,,,,,,,40,,,,,,,,,,,,,,,1.13,0.33,,,,,,,,,,,0.91,0.2,,,,,,,,,,,,,,,,,,,,,,,,,183609,
[5684],ARCHEAN CRATON (INCLUDING GREENSTONE BELTS),DHARWAR CRATON / EASTERN DHARWAR CRATON DOMAIN / SANDUR GREENSTONE BELT,"COPPER MOUNTAIN REGION, DHARWAR SUPERGROUP",15,15.25,76.7,76.9,SUBAERIAL,,,s 41 [5684],THOLEIITE [5684],,,,ARCHEAN [5684],,,,,VOLCANIC ROCK,,,,,WHOLE_ROCK [5684] ,250077.725,5394.0599999999995,,74889.0165,,12169.56,65681.84999999999,,53602.5,39800.63999999999,1316.5786,,9795.769999999999,18917.353499999997,480.0631,,,,,,,,,,,,,,,,31400.,,,,,,,,,,,,,,,,,,,,,,,,,,,,39,,254,155,,,48,76,124,,,,,,,128,0.198,20,87,4,,,,,,,,,,,,,181,14.06,27.1,3.18,11.16,2.81,0.91,3.08,,3.15,,1.58,,1.67,0.27,2.02,0.27,,,,,,,,,,,2.74,0.7,,,,,,,,,,,,,,,,,,,,,,,,,183610,
[5684],ARCHEAN CRATON (INCLUDING GREENSTONE BELTS),DHARWAR CRATON / EASTERN DHARWAR CRATON DOMAIN / SANDUR GREENSTONE BELT,"COPPER MOUNTAIN REGION, DHARWAR SUPERGROUP",15,15.25,76.7,76.9,SUBAERIAL,,,s 77 [5684],THOLEIITE [5684],,,,ARCHEAN [5684],,,,,VOLCANIC ROCK,,,,,WHOLE_ROCK [5684] ,250077.725,9949.043999999998,,73036.638,,24618.88,78196.38,,48742.54,25689.503999999997,1316.5786,,4482.81,26187.552099999997,872.8420000000001,,,,,,,,,,,,,,,,16500.,,,,,,,,,,,,,,,,,,,,,,,,,,,,35,,176,440,,,42,100,21,,,,,,,17,200,17,53,3,,,,,,,,,,,,,201,9.41,17.8,2.16,7.88,2.23,0.83,2.82,,2.58,,1.5,,1.67,0.23,1.32,0.27,,,,,,,,,,,2.09,0.45,,,,,,,,,,,,,,,,,,,,,,,,,183611,
[5684],ARCHEAN CRATON (INCLUDING GREENSTONE BELTS),DHARWAR CRATON / EASTERN DHARWAR CRATON DOMAIN / SANDUR GREENSTONE BELT,"COPPER MOUNTAIN REGION, DHARWAR SUPERGROUP",15,15.25,76.7,76.9,SUBAERIAL,,,s 6 [5684],THOLEIITE [5684],,,,ARCHEAN [5684],,,,,VOLCANIC ROCK,,,,,WHOLE_ROCK [5684] ,252414.90000000002,9289.77,,77799.897,,14407.640000000001,74309.88,,42524.65,34735.104,1239.1328,,166.03,28264.7517,1832.9682,,,,,,,,,,,,,,,,18500.,,,,,,,,,,,,,,,,,,,,,,,,,,,,22,,114,150,,,31,61,37,,,,,,,4,189,48,49,6,,,,,,,,,,,,,80,,,,,,,,,,,,,,,1.16,0.51,,,,,,,,,,,0.92,0.22,,,,,,,,,,,,,,,,,,,,,,,,,183612,
[5684],ARCHEAN CRATON (INCLUDING GREENSTONE BELTS),DHARWAR CRATON / EASTERN DHARWAR CRATON DOMAIN / SANDUR GREENSTONE BELT,"COPPER MOUNTAIN REGION, DHARWAR SUPERGROUP",15,15.25,76.7,76.9,SUBAERIAL,,,s 33 [5684],THOLEIITE [5684],,,,ARCHEAN [5684],,,,,VOLCANIC ROCK,,,,,WHOLE_ROCK [5684] ,246805.68,8750.364,,72507.387,,13078.78,88301.28,,58676.87,22975.824,1394.0244,,10293.86,17062.711,741.9157,,,,,,,,,,,,,,,,24000.,,,,,,,,,,,,,,,,,,,,,,,,,,,,27,,288,61,,,53,60,70,,,,,,,43,245,30,95,8,,,,,,,,,,,,,305,23.74,47.29,5.61,21.31,5.67,1.66,5.61,,5.2,,2.5,,2.55,0.35,2.24,0.53,,,,,,,,,,,3.05,0.58,,,,,,,,,,,,,,,,,,,,,,,,,183613,
[5684],ARCHEAN CRATON (INCLUDING GREENSTONE BELTS),DHARWAR CRATON / EASTERN DHARWAR CRATON DOMAIN / SANDUR GREENSTONE BELT,"COPPER MOUNTAIN REGION, DHARWAR SUPERGROUP",15,15.25,76.7,76.9,SUBAERIAL,,,s 4 [5684],RHYOLITE [5684],,,,ARCHEAN [5684],,,,,VOLCANIC ROCK,,,,,WHOLE_ROCK [5684] ,335150.895,2097.6899999999996,,76212.144,,5455.320000000001,11892.69,,7933.170000000001,4884.624,464.6748,,22829.125,31603.1082,523.7052,,,,,,,,,,,,,,,,17200.,,,,,,,,,,,,,,,,,,,,,,,,,,,,3,,39,11,,,4,10,8,,,,,,,64,195,9,127,7,,,,,,,,,,,,,417,28.28,51.75,4.69,16.57,3.02,1,2.44,,1.68,,0.71,,0.69,0.1,3.72,0.81,,,,,,,,,,,9.88,3.09,,,,,,,,,,,,,,,,,,,,,,,,,183614,
[5684],ARCHEAN CRATON (INCLUDING GREENSTONE BELTS),DHARWAR CRATON / EASTERN DHARWAR CRATON DOMAIN / SANDUR GREENSTONE BELT,"COPPER MOUNTAIN REGION, DHARWAR SUPERGROUP",15,15.25,76.7,76.9,SUBAERIAL,,,s 17 [5684],RHYOLITE [5684],,,,ARCHEAN [5684],,,,,VOLCANIC ROCK,,,,,WHOLE_ROCK [5684] ,335150.895,2756.964,,77799.897,,5944.9,11348.58,,6146.42,3738.848,232.3374,,25568.62,26335.923499999997,480.0631,,,,,,,,,,,,,,,,19600.,,,,,,,,,,,,,,,,,,,,,,,,,,,,3,,20,13,,,4,7,3,,,,,,,55,241,6,136,6,,,,,,,,,,,,,606,36.68,67.91,5.96,19.3,3.69,0.95,2.92,,1.26,,0.64,,0.57,0.06,3.43,0.64,,,,,,,,,,,10.87,1.54,,,,,,,,,,,,,,,,,,,,,,,,,183615,
[5684],ARCHEAN CRATON (INCLUDING GREENSTONE BELTS),DHARWAR CRATON / EASTERN DHARWAR CRATON DOMAIN / SANDUR GREENSTONE BELT,"COPPER MOUNTAIN REGION, DHARWAR SUPERGROUP",15,15.25,76.7,76.9,SUBAERIAL,,,s 45 [5684],RHYOLITE [5684],,,,ARCHEAN [5684],,,,,VOLCANIC ROCK,,,,,WHOLE_ROCK [5684] ,337955.505,3476.1719999999996,,80869.5528,,3636.88,1632.33,,15723.400000000001,1567.904,77.4458,,14195.565,35609.136,741.9157,,,,,,,,,,,,,,,,15700.,,,,,,,,,,,,,,,,,,,,,,,,,,,,5,,35,9,,,9,10,25,,,,,,,47,173,8,132,4,,,,,,,,,,,,,482,41.83,75.09,7.95,26.78,4.89,1.48,2.92,,1.44,,0.67,,0.6,0.09,3.31,0.43,,,,,,,,,,,7.97,2.15,,,,,,,,,,,,,,,,,,,,,,,,,183616,
[5684],ARCHEAN CRATON (INCLUDING GREENSTONE BELTS),DHARWAR CRATON / EASTERN DHARWAR CRATON DOMAIN / SANDUR GREENSTONE BELT,"COPPER MOUNTAIN REGION, DHARWAR SUPERGROUP",15,15.25,76.7,76.9,SUBAERIAL,,,s 136 [5684],RHYOLITE [5684],,,,ARCHEAN [5684],,,,,VOLCANIC ROCK,,,,,WHOLE_ROCK [5684] ,337955.505,2697.0299999999997,,82563.156,,2517.8399999999997,1632.33,,11435.2,1386.992,77.4458,,19093.449999999997,32122.4081,523.7052,,,,,,,,,,,,,,,,21200.,,,,,,,,,,,,,,,,,,,,,,,,,,,,4,,43,19,,,2,8,6,,,,,,,72,195,7,139,4,,,,,,,,,,,,,419,41.11,64.15,6.15,18.97,3.13,0.95,2.47,,1.36,,0.48,,0.43,0.04,3.03,0.34,,,,,,,,,,,9.17,1.93,,,,,,,,,,,,,,,,,,,,,,,,,183617,
[5684],ARCHEAN CRATON (INCLUDING GREENSTONE BELTS),DHARWAR CRATON / EASTERN DHARWAR CRATON DOMAIN / SANDUR GREENSTONE BELT,"COPPER MOUNTAIN REGION, DHARWAR SUPERGROUP",15,15.25,76.7,76.9,SUBAERIAL,,,s 135 [5684],RHYOLITE [5684],,,,ARCHEAN [5684],,,,,VOLCANIC ROCK,,,,,WHOLE_ROCK [5684] ,345434.465,2876.832,,76212.144,,2587.7799999999997,1476.8700000000001,,21298.06,1507.6,77.4458,,6807.23,33680.3078,785.5577999999999,,,,,,,,,,,,,,,,13799.999999999998,,,,,,,,,,,,,,,,,,,,,,,,,,,,4,,64,17,,,3,12,8,,,,,,,20,178,8,130,4,,,,,,,,,,,,,123,61.88,102.18,10.44,33.52,5.54,1.5,4.44,,1.86,,0.62,,0.63,0.06,3.45,0.29,,,,,,,,,,,11.02,1.54,,,,,,,,,,,,,,,,,,,,,,,,,183618,
[5684],ARCHEAN CRATON (INCLUDING GREENSTONE BELTS),DHARWAR CRATON / EASTERN DHARWAR CRATON DOMAIN / SANDUR GREENSTONE BELT,"COPPER MOUNTAIN REGION, DHARWAR SUPERGROUP",15,15.25,76.7,76.9,SUBAERIAL,,,s 37 [5684],RHYOLITE [5684],,,,ARCHEAN [5684],,,,,VOLCANIC ROCK,,,,,WHOLE_ROCK [5684] ,365066.735,2217.558,,65785.8993,,1748.5,1088.22,,7361.41,2231.248,0.,,21251.84,18843.1678,523.7052,,,,,,,,,,,,,,,,15500.,,,,,,,,,,,,,,,,,,,,,,,,,,,,2,,17,13,,,1,6,7,,,,,,,67,95,4,99,3,,,,,,,,,,,,,208,33.93,56.7,5.22,16.28,2.56,0.87,2.32,,1.12,,0.31,,0.39,0.03,2.43,0.41,,,,,,,,,,,8.77,1.75,,,,,,,,,,,,,,,,,,,,,,,,,183619,
[5657],ARCHEAN CRATON (INCLUDING GREENSTONE BELTS),DHARWAR CRATON / EASTERN DHARWAR CRATON DOMAIN / RAMAGIRI-HUNGUND GREENSTONE BELT / RAMAGIRI SCHIST BELT,DHARWAR SUPERGROUP,14.25,14.3,77.55,77.55,SUBAERIAL,,,s RM#72 [5657],"BASALT, THOLEIITIC [5657]",,,,ARCHEAN [5657],,,,,VOLCANIC ROCK,,,,,WHOLE_ROCK [5657] ,221564.19,12466.271999999999,,67214.877,,,,139914,44382.87,40041.85599999999,1006.7954,,3984.72,19807.581899999997,1658.3998000000001,,,,,,,,,,,,,,,,,,,,,,,,,,,,,,,,,,,,,,,,,,,,,12480,,90,,,,178,,,,,,,,,284,33,101,,,,,,,,,,,,,,55,,45.44,,23.24,5.13,1.41,4.61,,3.47,,1.91,,1.69,,,,,,,,,,,,,,,,,,,,,,,,,,,,,,,,,,,,,,,,183840,
[5657],ARCHEAN CRATON (INCLUDING GREENSTONE BELTS),DHARWAR CRATON / EASTERN DHARWAR CRATON DOMAIN / RAMAGIRI-HUNGUND GREENSTONE BELT / RAMAGIRI SCHIST BELT,DHARWAR SUPERGROUP,14.25,14.3,77.55,77.55,SUBAERIAL,,,s RM#34 [5657],BASALT [5657],,,,ARCHEAN [5657],,,,,VOLCANIC ROCK,,,,,WHOLE_ROCK [5657] ,229744.30250000002,10907.988,,73142.4882,,,,114263.09999999999,58462.46,27860.448,1394.0244,,3154.57,19807.581899999997,1352.9051,,,,,,,,,,,,,,,,,,,,,,,,,,,,,,,,,,,,,,,,,,,,,10920,,142,,,,105,,,,,,,,,278,35,80,,,,,,,,,,,,,,36,,,,,,,,,,,,,,,,,,,,,,,,,,,,,,,,,,,,,,,,,,,,,,,,,,,,,183841,
[5657],ARCHEAN CRATON (INCLUDING GREENSTONE BELTS),DHARWAR CRATON / EASTERN DHARWAR CRATON DOMAIN / RAMAGIRI-HUNGUND GREENSTONE BELT / RAMAGIRI SCHIST BELT,DHARWAR SUPERGROUP,14.25,14.3,77.55,77.55,SUBAERIAL,,,s RM#55 [5657],"BASALT, THOLEIITIC [5657]",,,,ARCHEAN [5657],,,,,VOLCANIC ROCK,,,,,WHOLE_ROCK [5657] ,230305.22450000004,9589.44,,76741.395,,,,109599.3,50815.170000000006,31961.119999999995,1548.9160000000002,,7388.335,14911.325699999998,872.8420000000001,,,,,,,,,,,,,,,,,,,,,,,,,,,,,,,,,,,,,,,,,,,,,9600,,175,,,,183,,,,,,,,,167,30,72,,,,,,,,,,,,,,44,,35.54,,19.74,4.44,1.41,4.47,,4.1,,2.66,,1.98,,,,,,,,,,,,,,,,,,,,,,,,,,,,,,,,,,,,,,,,183842,
[5657],ARCHEAN CRATON (INCLUDING GREENSTONE BELTS),DHARWAR CRATON / EASTERN DHARWAR CRATON DOMAIN / RAMAGIRI-HUNGUND GREENSTONE BELT / RAMAGIRI SCHIST BELT,DHARWAR SUPERGROUP,14.25,14.3,77.55,77.55,SUBAERIAL,,,s RM#57 [5657],"BASALT, THOLEIITIC [5657]",,,,ARCHEAN [5657],,,,,VOLCANIC ROCK,,,,,WHOLE_ROCK [5657] ,230071.507,9169.902,,76423.8444,,,,109599.3,55746.6,31961.119999999995,1316.5786,,7056.275,18546.425,1134.6946,,,,,,,,,,,,,,,,,,,,,,,,,,,,,,,,,,,,,,,,,,,,,9180,,229,,,,162,,,,,,,,,262,28,71,,,,,,,,,,,,,,86,,23.9,,14.12,3.42,1.17,3.72,,3.56,,2.28,,1.17,,,,,,,,,,,,,,,,,,,,,,,,,,,,,,,,,,,,,,,,183843,
[5657],ARCHEAN CRATON (INCLUDING GREENSTONE BELTS),DHARWAR CRATON / EASTERN DHARWAR CRATON DOMAIN / RAMAGIRI-HUNGUND GREENSTONE BELT / RAMAGIRI SCHIST BELT,DHARWAR SUPERGROUP,14.25,14.3,77.55,77.55,SUBAERIAL,,,s RM#3 [5657],"BASALT, THOLEIITIC [5657]",,,,ARCHEAN [5657],,,,,VOLCANIC ROCK,,,,,WHOLE_ROCK [5657] ,241289.94700000001,6532.8060000000005,,81292.9536,,,,84103.86,68611.2,30755.039999999997,1316.5786,,8135.47,18546.425,392.77889999999996,,,,,,,,,,,,,,,,,,,,,,,,,,,,,,,,,,,,,,,,,,,,,6540,,289,,,,129,,,,,,,,,169,33,92,,,,,,,,,,,,,,184,,15.99,,10.12,2.74,0.93,2.76,,3.19,,2.5,,1.89,,,,,,,,,,,,,,,,,,,,,,,,,,,,,,,,,,,,,,,,183844,
[5657],ARCHEAN CRATON (INCLUDING GREENSTONE BELTS),DHARWAR CRATON / EASTERN DHARWAR CRATON DOMAIN / RAMAGIRI-HUNGUND GREENSTONE BELT / RAMAGIRI SCHIST BELT,DHARWAR SUPERGROUP,14.25,14.3,77.55,77.55,SUBAERIAL,,,s RM#29 [5657],"BASALT, THOLEIITIC [5657]",,,,ARCHEAN [5657],,,,,VOLCANIC ROCK,,,,,WHOLE_ROCK [5657] ,243627.122,8870.232,,70390.383,,,,79284.59999999999,50100.47,21106.399999999998,11616.869999999999,,13448.43,21810.5958,,,,,,,,,,,,,,,,,,,,,,,,,,,,,,,,,,,,,,,,,,,,,,8880,,27,,,,37,,,,,,,,,292,44,150,,,,,,,,,,,,,,159,,,,,,,,,,,,,,,,,,,,,,,,,,,,,,,,,,,,,,,,,,,,,,,,,,,,,183845,
[5657],ARCHEAN CRATON (INCLUDING GREENSTONE BELTS),DHARWAR CRATON / EASTERN DHARWAR CRATON DOMAIN / RAMAGIRI-HUNGUND GREENSTONE BELT / RAMAGIRI SCHIST BELT,DHARWAR SUPERGROUP,14.25,14.3,77.55,77.55,SUBAERIAL,,,s RM#52B [5657],"ANDESITE, BASALTIC, THOLEIITIC [5657]",,,,ARCHEAN [5657],,,,,VOLCANIC ROCK,,,,,WHOLE_ROCK [5657] ,258491.555,3356.304,,70390.383,,,,72833.01,44954.63,31237.471999999998,1471.4702,,7388.335,17285.2681,872.8420000000001,,,,,,,,,,,,,,,,,,,,,,,,,,,,,,,,,,,,,,,,,,,,,3360,,134,,,,68,,,,,,,,,227,27,80,,,,,,,,,,,,,,70,,75.4,,33.5,6.41,1.65,5.99,,4.52,,3.1,,2.37,,,,,,,,,,,,,,,,,,,,,,,,,,,,,,,,,,,,,,,,183846,
[5657],ARCHEAN CRATON (INCLUDING GREENSTONE BELTS),DHARWAR CRATON / EASTERN DHARWAR CRATON DOMAIN / RAMAGIRI-HUNGUND GREENSTONE BELT / RAMAGIRI SCHIST BELT,DHARWAR SUPERGROUP,14.25,14.3,77.55,77.55,SUBAERIAL,,,s RM#86 [5657],DACITE [5657],,,,ARCHEAN [5657],,,,MEDIUM-GRAINED [5657] ,VOLCANIC ROCK,,,,,WHOLE_ROCK [5657] ,284808.14550000004,6532.8060000000005,,74624.391,,,,71511.59999999999,56032.479999999996,7357.088,697.0122,,6392.155,38279.8212,785.5577999999999,,,,,,,,,,,,,,,,,,,,,,,,,,,,,,,,,,,,,,,,,,,,,6540,,76,,,,29,,,,,,,,,278,44,111,,,,,,,,,,,,,,296,,47.41,,21.52,4.65,1.17,3.24,,1.97,,1.5,,1.06,,,,,,,,,,,,,,,,,,,,,,,,,,,,,,,,,,,,,,,,183847,
[5657],ARCHEAN CRATON (INCLUDING GREENSTONE BELTS),DHARWAR CRATON / EASTERN DHARWAR CRATON DOMAIN / RAMAGIRI-HUNGUND GREENSTONE BELT / RAMAGIRI SCHIST BELT,DHARWAR SUPERGROUP,14.25,14.3,77.55,77.55,SUBAERIAL,,,s RM#62 [5657],DACITE [5657],,,,ARCHEAN [5657],,,,MEDIUM-GRAINED [5657] ,VOLCANIC ROCK,,,,,WHOLE_ROCK [5657] ,301402.08800000005,4554.9839999999995,,74889.0165,,,,38087.700000000004,25300.38,16945.424,1471.4702,,8965.62,28858.2373,,,,,,,,,,,,,,,,,,,,,,,,,,,,,,,,,,,,,,,,,,,,,,4614,,20,,,,86,,,,,,,,,137,25,133,,,,,,,,,,,,,,130,,51.85,,23.05,4.5,1.16,3.76,,2.64,,1.5,,1.048,,,,,,,,,,,,,,,,,,,,,,,,,,,,,,,,,,,,,,,,183848,
[5657],ARCHEAN CRATON (INCLUDING GREENSTONE BELTS),DHARWAR CRATON / EASTERN DHARWAR CRATON DOMAIN / RAMAGIRI-HUNGUND GREENSTONE BELT / RAMAGIRI SCHIST BELT,DHARWAR SUPERGROUP,14.25,14.3,77.55,77.55,SUBAERIAL,,,s RM#39 [5657],DACITE [5657],,,,ARCHEAN [5657],,,,MEDIUM-GRAINED [5657] ,VOLCANIC ROCK,,,,,WHOLE_ROCK [5657] ,303178.341,5753.664,,91031.172,,,,34589.85,23227.75,14412.655999999999,1161.687,,15357.775000000001,25074.7666,,,,,,,,,,,,,,,,,,,,,,,,,,,,,,,,,,,,,,,,,,,,,,5760,,316,,,,112,,,,,,,,,187,22,184,,,,,,,,,,,,,,427,,,,,,,,,,,,,,,,,,,,,,,,,,,,,,,,,,,,,,,,,,,,,,,,,,,,,183849,
[5657],ARCHEAN CRATON (INCLUDING GREENSTONE BELTS),DHARWAR CRATON / EASTERN DHARWAR CRATON DOMAIN / RAMAGIRI-HUNGUND GREENSTONE BELT / RAMAGIRI SCHIST BELT,DHARWAR SUPERGROUP,14.25,14.3,77.55,77.55,SUBAERIAL,,,s RM#60 [5657],DACITE [5657],,,,ARCHEAN [5657],,,,MEDIUM-GRAINED [5657] ,VOLCANIC ROCK,,,,,WHOLE_ROCK [5657] ,307525.48650000006,2277.4919999999997,,76741.395,,,,25029.06,24800.09,10131.071999999998,697.0122,,16270.94,34273.7934,610.9894,,,,,,,,,,,,,,,,,,,,,,,,,,,,,,,,,,,,,,,,,,,,,2280,,46,,,,28,,,,,,,,,605,20,84,,,,,,,,,,,,,,284,,49.11,,24.69,4.54,1.13,3.41,,2.64,,1.72,,1.09,,,,,,,,,,,,,,,,,,,,,,,,,,,,,,,,,,,,,,,,183850,
[5657],ARCHEAN CRATON (INCLUDING GREENSTONE BELTS),DHARWAR CRATON / EASTERN DHARWAR CRATON DOMAIN / RAMAGIRI-HUNGUND GREENSTONE BELT / RAMAGIRI SCHIST BELT,DHARWAR SUPERGROUP,14.25,14.3,77.55,77.55,SUBAERIAL,,,s RM#70 [5657],RHYOLITE [5657],,,,ARCHEAN [5657],,,,APHYRIC [5657] ,VOLCANIC ROCK,,,,,WHOLE_ROCK [5657] ,339077.34900000005,2037.756,,62028.21720000001,,,,10804.47,8933.75,1386.992,232.3374,,54291.81,15653.182699999998,305.4947,,,,,,,,,,,,,,,,,,,,,,,,,,,,,,,,,,,,,,,,,,,,,2040,,22,,,,17,,,,,,,,,162,16,132,,,,,,,,,,,,,,1580,,60.95,,25.9,4.34,0.874,3.057,,2.07,,1.23,,0.897,,,,,,,,,,,,,,,,,,,,,,,,,,,,,,,,,,,,,,,,183851,
[5657],ARCHEAN CRATON (INCLUDING GREENSTONE BELTS),DHARWAR CRATON / EASTERN DHARWAR CRATON DOMAIN / RAMAGIRI-HUNGUND GREENSTONE BELT / RAMAGIRI SCHIST BELT,DHARWAR SUPERGROUP,14.25,14.3,77.55,77.55,SUBAERIAL,,,s RM#23 [5657],"SCHIST, QUARTZ-FELDSPAR-MUSCOVITE [5657]",,,,ARCHEAN [5657],,,,APHYRIC [5657] ,METAMORPHIC ROCK,,,,,WHOLE_ROCK [5657] ,344219.134,1198.68,,67744.12800000001,,,,12281.34,1858.22,4402.192,154.8916,,32292.835000000003,10534.3694,261.8526,,,,,,,,,,,,,,,,,,,,,,,,,,,,,,,,,,,,,,,,,,,,,1260,,91,,,,16,,,,,,,,,59,27,185,,,,,,,,,,,,,,497,,,,,,,,,,,,,,,,,,,,,,,,,,,,,,,,,,,,,,,,,,,,,,,,,,,,,183852,
[5657],ARCHEAN CRATON (INCLUDING GREENSTONE BELTS),DHARWAR CRATON / EASTERN DHARWAR CRATON DOMAIN / RAMAGIRI-HUNGUND GREENSTONE BELT / RAMAGIRI SCHIST BELT,DHARWAR SUPERGROUP,14.25,14.3,77.55,77.55,SUBAERIAL,,,s RM#33 [5657],"SCHIST, QUARTZ-FELDSPAR-MUSCOVITE [5657]",,,,ARCHEAN [5657],,,,APHYRIC [5657] ,METAMORPHIC ROCK,,,,,WHOLE_ROCK [5657] ,350529.5065,1558.2839999999999,,63510.12,,,,8394.84,9005.22,2412.16,77.4458,,31960.775,21142.9245,218.21050000000002,,,,,,,,,,,,,,,,,,,,,,,,,,,,,,,,,,,,,,,,,,,,,1560,,55,,,,19,,,,,,,,,166,18,176,,,,,,,,,,,,,,769,,,,,,,,,,,,,,,,,,,,,,,,,,,,,,,,,,,,,,,,,,,,,,,,,,,,,183853,
[5657],ARCHEAN CRATON (INCLUDING GREENSTONE BELTS),DHARWAR CRATON / EASTERN DHARWAR CRATON DOMAIN / RAMAGIRI-HUNGUND GREENSTONE BELT / RAMAGIRI SCHIST BELT,DHARWAR SUPERGROUP,14.25,14.3,77.55,77.55,SUBAERIAL,,,s RM#19 [5657],RHYOLITE [5657],,,,ARCHEAN [5657],,,,APHYRIC [5657] ,VOLCANIC ROCK,,,,,WHOLE_ROCK [5657] ,358335.67100000003,1438.416,,56100.606,,,,6529.32,3787.9100000000003,2653.3759999999997,77.4458,,41507.5,17804.568,523.7052,,,,,,,,,,,,,,,,,,,,,,,,,,,,,,,,,,,,,,,,,,,,,1440,,14,,,,10,,,,,,,,,128,16,152,,,,,,,,,,,,,,1257,,41.48,,19.55,3.82,0.787,2.758,,2.36,,1.33,,0.98,,,,,,,,,,,,,,,,,,,,,,,,,,,,,,,,,,,,,,,,183854,
[5657],ARCHEAN CRATON (INCLUDING GREENSTONE BELTS),DHARWAR CRATON / EASTERN DHARWAR CRATON DOMAIN / RAMAGIRI-HUNGUND GREENSTONE BELT / RAMAGIRI SCHIST BELT,DHARWAR SUPERGROUP,14.25,14.3,77.55,77.55,SUBAERIAL,,,s RM#41 [5657],RHYOLITE [5657],,,,ARCHEAN [5657],,,,APHYRIC [5657] ,VOLCANIC ROCK,,,,,WHOLE_ROCK [5657] ,364225.352,1258.6139999999998,,71978.136,,,,11814.960000000001,2715.86,4884.624,154.8916,,32624.895,6676.713,,,,,,,,,,,,,,,,,,,,,,,,,,,,,,,,,,,,,,,,,,,,,,1260,,32,,,,16,,,,,,,,,57,22,182,,,,,,,,,,,,,,573,,,,,,,,,,,,,,,,,,,,,,,,,,,,,,,,,,,,,,,,,,,,,,,,,,,,,183855,
[5657],ARCHEAN CRATON (INCLUDING GREENSTONE BELTS),DHARWAR CRATON / EASTERN DHARWAR CRATON DOMAIN / RAMAGIRI-HUNGUND GREENSTONE BELT / RAMAGIRI SCHIST BELT,"1 KM NORTH OF THE ^MAGAZINE^, DHARWAR SUPERGROUP",14.25,14.3,77.55,77.55,SUBAERIAL,,,s RM#87 [5657],NOT GIVEN [5657],,,,ARCHEAN [5657],,,,COARSE-GRAINED [5657] ,PLUTONIC ROCK,,,,,WHOLE_ROCK [5657] ,269102.32950000005,9529.506,,70813.7838,,,,85736.18999999999,37593.22,9105.903999999999,1548.9160000000002,,17267.12,29006.6087,1658.3998000000001,,,,,,,,,,,,,,,,,,,,,,,,,,,,,,,,,,,,,,,,,,,,,9540,,68,,,,35,,,,,,,,,277,79,183,,,,,,,,,,,,,,474,,142.35,,79.52,13.15,3.64,17.85,,15.66,,8.29,,6.62,,,,,,,,,,,,,,,,,,,,,,,,,,,,,,,,,,,,,,,,183856,
[5473],ARCHEAN CRATON (INCLUDING GREENSTONE BELTS),DHARWAR CRATON / EASTERN DHARWAR CRATON DOMAIN / RAMAGIRI-HUNGUND GREENSTONE BELT / RAMAGIRI SCHIST BELT,DHARWAR SUPERGROUP,14.25,14.3,77.55,77.55,SUBAERIAL,,,s NM-10 [5473],KOMATIITE [5473],,,,ARCHEAN [5473],,,,,VOLCANIC ROCK,,,,,WHOLE_ROCK [5473] ,205905.1175,1438.416,,32390.161200000002,3147.32,6784.179999999999,48892.17,,18224.85,179645.61599999998,1084.2412000000002,1650.1799999999998,83.015,0.,174.5684,,,,,,,,,,,,,,,,85600.,,,,,,,,,,,,,,,,,,,,,,,,,,,,,,,,,,,,,,,,,,,,,,,,,,,,,,,,,,,,,,,,,,,,,,,,,,,,,,,,,,,,,,,,,,,,,,,,,,,,,,,,,,,,,,,,,183857,
[5473],ARCHEAN CRATON (INCLUDING GREENSTONE BELTS),DHARWAR CRATON / EASTERN DHARWAR CRATON DOMAIN / RAMAGIRI-HUNGUND GREENSTONE BELT / RAMAGIRI SCHIST BELT,DHARWAR SUPERGROUP,14.25,14.3,77.55,77.55,SUBAERIAL,,,s NM-11 [5473],KOMATIITE [5473],,,,ARCHEAN [5473],,,,,VOLCANIC ROCK,,,,,WHOLE_ROCK [5473] ,203895.147,1198.68,,21910.9914,2326.28,69310.54000000001,46093.89,,31661.21,164629.91999999998,1161.687,1414.44,166.03,0.,218.21050000000002,,,,,,,,,,,,,,,,108900.,,,,,,,,,,,,,,,,,,,,,,,,,,,,,,,,,,,,,,,,,,,,,,,,,,,,,,,,,,,,,,,,,,,,,,,,,,,,,,,,,,,,,,,,,,,,,,,,,,,,,,,,,,,,,,,,,183858,
[5473],ARCHEAN CRATON (INCLUDING GREENSTONE BELTS),DHARWAR CRATON / EASTERN DHARWAR CRATON DOMAIN / RAMAGIRI-HUNGUND GREENSTONE BELT / RAMAGIRI SCHIST BELT,DHARWAR SUPERGROUP,14.25,14.3,77.55,77.55,SUBAERIAL,,,s NM-5 [5473],KOMATIITE [5473],,,,ARCHEAN [5473],,,,,VOLCANIC ROCK,,,,,WHOLE_ROCK [5473] ,227781.0755,3296.37,,88384.917,342.1,14267.76,30781.079999999998,,85335.18,33529.024,1394.0244,157.16,2075.375,41098.8778,218.21050000000002,,,,,,,,,,,,,,,,31700.,,,,,,,,,,,,,,,,,,,,,,,,,,,,,,,,,,,,,,,,,,,,,,,,,,,,,,,,,,,,,,,,,,,,,,,,,,,,,,,,,,,,,,,,,,,,,,,,,,,,,,,,,,,,,,,,,183859,
[5393],ARCHEAN CRATON (INCLUDING GREENSTONE BELTS),DHARWAR CRATON / WESTERN DHARWAR CRATON DOMAIN / HOLENAR(A)SIPUR SCHIST BELT,"LEFT AND RIGHT BANK CANAL EXCAVATIONS OF THE HEMAVATHI IRRIGIATION PROJECT, HASSAN DISTRICT, SARGUR GROUP",12.77,12.77,76.23,76.23,SUBAERIAL,,,s I12 [5393],NOT GIVEN [5393],,,,ARCHEAN [5393],,,,,VOLCANIC ROCK,,,EXTENSIVELY ALTERED,,WHOLE_ROCK [5393] ,240261.59000000003,599.34,,5345.435100000001,,,,79750.98,75758.2,133874.87999999998,1161.687,,83.015,2225.571,117.83367,,,,,,,,,,,,,,,,28000.,,,,,,,,,,,,,,,,,,,,,,,,,,,,,,88,2694,,,101,652,6,41,,,,,,2,9,8,11,1,,,,,,,,,,,,,,3,9,,,,,,,,,,,,,,,,,,,,,,,,,5,,,,,,,,,,,,,,,,,,,,,,,,,,183860,
[5393],ARCHEAN CRATON (INCLUDING GREENSTONE BELTS),DHARWAR CRATON / WESTERN DHARWAR CRATON DOMAIN / HOLENAR(A)SIPUR SCHIST BELT,"LEFT AND RIGHT BANK CANAL EXCAVATIONS OF THE HEMAVATHI IRRIGIATION PROJECT, HASSAN DISTRICT, SARGUR GROUP",12.77,12.77,76.23,76.23,SUBAERIAL,,,s I269 [5393],NOT GIVEN [5393],,,,ARCHEAN [5393],,,,,VOLCANIC ROCK,,,EXTENSIVELY ALTERED,,WHOLE_ROCK [5393] ,226705.975,1078.812,,42340.08,,,,67158.72,74328.8,109150.24,1626.3618,,83.015,4451.142,122.19788,,,,,,,,,,,,,,,,30000,,,,,,,,,,,,,,,,,,,,,,,,,,,,,,127,2141,,,81,528,4,105,,,,,,4,49,11,24,3,,,,,,,,,,,,,,,13,,,,,,,,,,,,,,,,,,,,,,,,,3,,,,,,,,,,,,,,,,,,,,,,,,,,183861,
[5393],ARCHEAN CRATON (INCLUDING GREENSTONE BELTS),DHARWAR CRATON / WESTERN DHARWAR CRATON DOMAIN / HOLENAR(A)SIPUR SCHIST BELT,"LEFT AND RIGHT BANK CANAL EXCAVATIONS OF THE HEMAVATHI IRRIGIATION PROJECT, HASSAN DISTRICT, SARGUR GROUP",12.77,12.77,76.23,76.23,SUBAERIAL,,,s I270 [5393],NOT GIVEN [5393],,,,ARCHEAN [5393],,,,,METAMORPHIC ROCK,,,EXTENSIVELY ALTERED,,WHOLE_ROCK [5393] ,241196.46000000002,2097.6899999999996,,37576.820999999996,,,,74853.99,83619.9,97089.44,1703.8076,,332.06,5192.999,314.22312,,,,,,,,,,,,,,,,19000.,,,,,,,,,,,,,,,,,,,,,,,,,,,,24,,101,1950,,,92,587,11,86,,,,,,3,36,10,42,6,,,,,,,,,,,,,,1.3,4.9,,2.1,0.8,0.35,1.1,0.21,,,,0.11,0.91,0.13,0.8,0.29,,,,,,,,,,,4,,,,,,,,,,,,,,,,,,,,,,,,,,183862,
[5393],ARCHEAN CRATON (INCLUDING GREENSTONE BELTS),DHARWAR CRATON / WESTERN DHARWAR CRATON DOMAIN / HOLENAR(A)SIPUR SCHIST BELT,"LEFT AND RIGHT BANK CANAL EXCAVATIONS OF THE HEMAVATHI IRRIGIATION PROJECT, HASSAN DISTRICT, SARGUR GROUP",12.77,12.77,76.23,76.23,SUBAERIAL,,,s I275 [5393],NOT GIVEN [5393],,,,ARCHEAN [5393],,,,,VOLCANIC ROCK,,,EXTENSIVELY ALTERED,,WHOLE_ROCK [5393] ,217357.27500000002,7731.486,,82563.156,,,,107034.20999999999,48599.6,48846.24,1394.0244,,7305.32,17804.568,724.4588600000001,,,,,,,,,,,,,,,,26000.,,,,,,,,,,,,,,,,,,,,,,,,,,,,,,192,91,,,69,135,40,91,,,,,,24,115,32,154,6,,,,,,,,,,,,,143,12,23,,,,,,,,,,,,,,,,,,,,,,,,,3,,,,,,,,,,,,,,,,,,,,,,,,,,183863,
[5393],ARCHEAN CRATON (INCLUDING GREENSTONE BELTS),DHARWAR CRATON / WESTERN DHARWAR CRATON DOMAIN / HOLENAR(A)SIPUR SCHIST BELT,"LEFT AND RIGHT BANK CANAL EXCAVATIONS OF THE HEMAVATHI IRRIGIATION PROJECT, HASSAN DISTRICT, SARGUR GROUP",12.77,12.77,76.23,76.23,SUBAERIAL,,,s I278 [5393],NOT GIVEN [5393],,,,ARCHEAN [5393],,,,,VOLCANIC ROCK,,,EXTENSIVELY ALTERED,,WHOLE_ROCK [5393] ,226705.975,8630.496,,50808.096,,,,91643.67,73614.1,86837.76,1548.9160000000002,,830.1500000000001,5934.856,733.1872800000001,,,,,,,,,,,,,,,,17000.,,,,,,,,,,,,,,,,,,,,,,,,,,,,,,273,1932,,,85,498,10,100,,,,,,5,19,22,111,3,,,,,,,,,,,,,19,3,22,,,,,,,,,,,,,,,,,,,,,,,,,5,,,,,,,,,,,,,,,,,,,,,,,,,,183864,
[5393],ARCHEAN CRATON (INCLUDING GREENSTONE BELTS),DHARWAR CRATON / WESTERN DHARWAR CRATON DOMAIN / HOLENAR(A)SIPUR SCHIST BELT,"LEFT AND RIGHT BANK CANAL EXCAVATIONS OF THE HEMAVATHI IRRIGIATION PROJECT, HASSAN DISTRICT, SARGUR GROUP",12.77,12.77,76.23,76.23,SUBAERIAL,,,s I505 [5393],NOT GIVEN [5393],,,,ARCHEAN [5393],,,,,VOLCANIC ROCK,,,EXTENSIVELY ALTERED,,WHOLE_ROCK [5393] ,227640.84500000003,779.1419999999999,,45515.586,,,,60862.590000000004,57176,132065.75999999998,1471.4702,,415.07500000000005,5192.999,74.19157000000001,,,,,,,,,,,,,,,,41000.,,,,,,,,,,,,,,,,,,,,,,,,,,,,,,132,2878,,,82,627,,59,,,,,,2,4,9,14,2,,,,,,,,,,,,,,1,9,,,,,,,,,,,,,,,,,,,,,,,,,,,,,,,,,,,,,,,,,,,,,,,,,,,183865,
[5393],ARCHEAN CRATON (INCLUDING GREENSTONE BELTS),DHARWAR CRATON / WESTERN DHARWAR CRATON DOMAIN / HOLENAR(A)SIPUR SCHIST BELT,"LEFT AND RIGHT BANK CANAL EXCAVATIONS OF THE HEMAVATHI IRRIGIATION PROJECT, HASSAN DISTRICT, SARGUR GROUP",12.77,12.77,76.23,76.23,SUBAERIAL,,,s I506 [5393],NOT GIVEN [5393],,,,ARCHEAN [5393],,,,,VOLCANIC ROCK,,,EXTENSIVELY ALTERED,,WHOLE_ROCK [5393] ,231847.76000000004,599.34,,31755.06,,,,58763.88,12864.6,164026.87999999998,1781.2534,,166.03,741.857,34.91368,,,,,,,,,,,,,,,,64000.,,,,,,,,,,,,,,,,,,,,,,,,,,,,,,64,4974,,,96,1237,4,90,,,,,,,2,6,12,1,,,,,,,,,,,,,11,,36,,,,,,,,,,,,,,,,,,,,,,,,,,,,,,,,,,,,,,,,,,,,,,,,,,,183866,
[5393],ARCHEAN CRATON (INCLUDING GREENSTONE BELTS),DHARWAR CRATON / WESTERN DHARWAR CRATON DOMAIN / HOLENAR(A)SIPUR SCHIST BELT,"LEFT AND RIGHT BANK CANAL EXCAVATIONS OF THE HEMAVATHI IRRIGIATION PROJECT, HASSAN DISTRICT, SARGUR GROUP",12.77,12.77,76.23,76.23,SUBAERIAL,,,s I507 [5393],NOT GIVEN [5393],,,,ARCHEAN [5393],,,,,VOLCANIC ROCK,,,EXTENSIVELY ALTERED,,WHOLE_ROCK [5393] ,242131.33000000002,299.67,,28579.554000000004,,,,52467.75,714.7,166439.04,619.5664,,83.015,741.857,87.2842,,,,,,,,,,,,,,,,68000.,,,,,,,,,,,,,,,,,,,,,,,,,,,,,,47,4813,,,85,1297,,64,,,,,,,1,,12,,,,,,,,,,,,,,13,3,8,,,,,,,,,,,,,,,,,,,,,,,,,2,,,,,,,,,,,,,,,,,,,,,,,,,,183867,
[5393],ARCHEAN CRATON (INCLUDING GREENSTONE BELTS),DHARWAR CRATON / WESTERN DHARWAR CRATON DOMAIN / HOLENAR(A)SIPUR SCHIST BELT,"LEFT AND RIGHT BANK CANAL EXCAVATIONS OF THE HEMAVATHI IRRIGIATION PROJECT, HASSAN DISTRICT, SARGUR GROUP",12.77,12.77,76.23,76.23,SUBAERIAL,,,s I526 [5393],NOT GIVEN [5393],,,,ARCHEAN [5393],,,,,VOLCANIC ROCK,,,EXTENSIVELY ALTERED,,WHOLE_ROCK [5393] ,225303.67000000004,4255.313999999999,,83092.407,,,,88145.81999999999,87193.4,41609.76,1471.4702,,1079.195,15578.997,471.33468,,,,,,,,,,,,,,,,21000.,,,,,,,,,,,,,,,,,,,,,,,,,,,,,,202,259,,,75,170,158,89,,,,,,3,136,16,51,4,,,,,,,,,,,,,12,,7,,,,,,,,,,,,,,,,,,,,,,,,,2,,,,,,,,,,,,,,,,,,,,,,,,,,183868,
[5393],ARCHEAN CRATON (INCLUDING GREENSTONE BELTS),DHARWAR CRATON / WESTERN DHARWAR CRATON DOMAIN / HOLENAR(A)SIPUR SCHIST BELT,"LEFT AND RIGHT BANK CANAL EXCAVATIONS OF THE HEMAVATHI IRRIGIATION PROJECT, HASSAN DISTRICT, SARGUR GROUP",12.77,12.77,76.23,76.23,SUBAERIAL,,,s I527 [5393],NOT GIVEN [5393],,,,ARCHEAN [5393],,,,,VOLCANIC ROCK,,,EXTENSIVELY ALTERED,,WHOLE_ROCK [5393] ,233717.50000000003,4135.445999999999,,80975.403,,,,85347.54000000001,82190.5,48846.24,1394.0244,,498.09,15578.997,344.77259,,,,,,,,,,,,,,,,14000.,,,,,,,,,,,,,,,,,,,,,,,,,,,,34,,197,253,,,71,176,81,84,,,,,,4,117,17,43,3,,,,,,,,,,,,,14,3.3,6.3,,4.7,1.6,0.69,2.3,0.41,,,,0.26,1.76,0.26,1.1,0.21,,,,,,,,,,,1,,,,,,,,,,,,,,,,,,,,,,,,,,183869,
[5393],ARCHEAN CRATON (INCLUDING GREENSTONE BELTS),DHARWAR CRATON / WESTERN DHARWAR CRATON DOMAIN / HOLENAR(A)SIPUR SCHIST BELT,"LEFT AND RIGHT BANK CANAL EXCAVATIONS OF THE HEMAVATHI IRRIGIATION PROJECT, HASSAN DISTRICT, SARGUR GROUP",12.77,12.77,76.23,76.23,SUBAERIAL,,,s I530 [5393],NOT GIVEN [5393],,,,ARCHEAN [5393],,,,,VOLCANIC ROCK,,,EXTENSIVELY ALTERED,,WHOLE_ROCK [5393] ,279058.695,5094.389999999999,,74095.14,,,,86746.68000000001,15723.400000000001,33167.2,1239.1328,,747.135,17062.711,418.96416,,,,,,,,,,,,,,,,31000.,,,,,,,,,,,,,,,,,,,,,,,,,,,,,,154,240,,,60,122,9,89,,,,,,1,68,16,95,6,,,,,,,,,,,,,48,13,24,,,,,,,,,,,,,,,,,,,,,,,,,4,,,,,,,,,,,,,,,,,,,,,,,,,,183870,
[5393],ARCHEAN CRATON (INCLUDING GREENSTONE BELTS),DHARWAR CRATON / WESTERN DHARWAR CRATON DOMAIN / HOLENAR(A)SIPUR SCHIST BELT,"LEFT AND RIGHT BANK CANAL EXCAVATIONS OF THE HEMAVATHI IRRIGIATION PROJECT, HASSAN DISTRICT, SARGUR GROUP",12.77,12.77,76.23,76.23,SUBAERIAL,,,s I531 [5393],NOT GIVEN [5393],,,,ARCHEAN [5393],,,,,VOLCANIC ROCK,,,EXTENSIVELY ALTERED,,WHOLE_ROCK [5393] ,233717.50000000003,4375.182,,82033.905,,,,92343.24,64323,44021.92,1316.5786,,1079.195,17062.711,388.41469,,,,,,,,,,,,,,,,13000.,,,,,,,,,,,,,,,,,,,,,,,,,,,,,,191,260,,,79,177,67,91,,,,,,4,129,15,54,6,,,,,,,,,,,,,27,2,11,,,,,,,,,,,,,,,,,,,,,,,,,2,,,,,,,,,,,,,,,,,,,,,,,,,,183871,
[5393],ARCHEAN CRATON (INCLUDING GREENSTONE BELTS),DHARWAR CRATON / WESTERN DHARWAR CRATON DOMAIN / HOLENAR(A)SIPUR SCHIST BELT,"LEFT AND RIGHT BANK CANAL EXCAVATIONS OF THE HEMAVATHI IRRIGIATION PROJECT, HASSAN DISTRICT, SARGUR GROUP",12.77,12.77,76.23,76.23,SUBAERIAL,,,s I532 [5393],NOT GIVEN [5393],,,,ARCHEAN [5393],,,,,METAMORPHIC ROCK,,,EXTENSIVELY ALTERED,,WHOLE_ROCK [5393] ,232315.19500000004,5154.324,,87326.41500000001,,,,101437.65000000001,55031.9,41006.719999999994,1084.2412000000002,,1079.195,10385.998,309.85891,,,,,,,,,,,,,,,,23000.,,,,,,,,,,,,,,,,,,,,,,,,,,,,,,188,259,,,58,192,84,93,,,,,,3,136,17,48,6,,,,,,,,,,,,,11,3,7,,,,,,,,,,,,,,,,,,,,,,,,,2,,,,,,,,,,,,,,,,,,,,,,,,,,183872,
[5393],ARCHEAN CRATON (INCLUDING GREENSTONE BELTS),DHARWAR CRATON / WESTERN DHARWAR CRATON DOMAIN / HOLENAR(A)SIPUR SCHIST BELT,"LEFT AND RIGHT BANK CANAL EXCAVATIONS OF THE HEMAVATHI IRRIGIATION PROJECT, HASSAN DISTRICT, SARGUR GROUP",12.77,12.77,76.23,76.23,SUBAERIAL,,,s I538 [5393],NOT GIVEN [5393],,,,ARCHEAN [5393],,,,,VOLCANIC ROCK,,,EXTENSIVELY ALTERED,,WHOLE_ROCK [5393] ,236054.67500000002,4195.379999999999,,84680.16,,,,91643.67,67181.8,47037.119999999995,1316.5786,,2905.5249999999996,16320.854000000001,423.32837,,,,,,,,,,,,,,,,14000.,,,,,,,,,,,,,,,,,,,,,,,,,,,,,,266,233,,,71,155,101,126,,,,,,11,94,24,106,5,,,,,,,,,,,,,59,11,32,,,,,,,,,,,,,,,,,,,,,,,,,3,,,,,,,,,,,,,,,,,,,,,,,,,,183873,
[5393],ARCHEAN CRATON (INCLUDING GREENSTONE BELTS),DHARWAR CRATON / WESTERN DHARWAR CRATON DOMAIN / HOLENAR(A)SIPUR SCHIST BELT,"LEFT AND RIGHT BANK CANAL EXCAVATIONS OF THE HEMAVATHI IRRIGIATION PROJECT, HASSAN DISTRICT, SARGUR GROUP",12.77,12.77,76.23,76.23,SUBAERIAL,,,s I539 [5393],NOT GIVEN [5393],,,,ARCHEAN [5393],,,,,VOLCANIC ROCK,,,EXTENSIVELY ALTERED,,WHOLE_ROCK [5393] ,248207.98500000002,4734.786,,77270.64600000001,,,,95141.52,37879.1,50052.32,1548.9160000000002,,996.18,14837.14,309.85891,,,,,,,,,,,,,,,,29000.,,,,,,,,,,,,,,,,,,,,,,,,,,,,,,184,171,,,63,137,32,87,,,,,,4,124,17,100,7,,,,,,,,,,,,,42,10,12,,,,,,,,,,,,,,,,,,,,,,,,,5,,,,,,,,,,,,,,,,,,,,,,,,,,183874,
[5393],ARCHEAN CRATON (INCLUDING GREENSTONE BELTS),DHARWAR CRATON / WESTERN DHARWAR CRATON DOMAIN / HOLENAR(A)SIPUR SCHIST BELT,"LEFT AND RIGHT BANK CANAL EXCAVATIONS OF THE HEMAVATHI IRRIGIATION PROJECT, HASSAN DISTRICT, SARGUR GROUP",12.77,12.77,76.23,76.23,SUBAERIAL,,,s I541 [5393],NOT GIVEN [5393],,,,ARCHEAN [5393],,,,,VOLCANIC ROCK,,,EXTENSIVELY ALTERED,,WHOLE_ROCK [5393] ,258024.12000000002,5214.258,,81504.65400000001,,,,83248.83,43596.7,36182.399999999994,929.3496,,2905.5249999999996,18546.425,528.06941,,,,,,,,,,,,,,,,22000.,,,,,,,,,,,,,,,,,,,,,,,,,,,,,,241,221,,,74,156,74,88,,,,,,13,140,23,103,5,,,,,,,,,,,,,72,12,24,,,,,,,,,,,,,,,,,,,,,,,,,7,,,,,,,,,,,,,,,,,,,,,,,,,,183875,
[5393],ARCHEAN CRATON (INCLUDING GREENSTONE BELTS),DHARWAR CRATON / WESTERN DHARWAR CRATON DOMAIN / HOLENAR(A)SIPUR SCHIST BELT,"LEFT AND RIGHT BANK CANAL EXCAVATIONS OF THE HEMAVATHI IRRIGIATION PROJECT, HASSAN DISTRICT, SARGUR GROUP",12.77,12.77,76.23,76.23,SUBAERIAL,,,s I542 [5393],NOT GIVEN [5393],,,,ARCHEAN [5393],,,,,VOLCANIC ROCK,,,EXTENSIVELY ALTERED,,WHOLE_ROCK [5393] ,242131.33000000002,4914.588,,73565.88900000001,,,,80450.55,67896.5,50052.32,1394.0244,,1245.225,24481.281,484.42731000000003,,,,,,,,,,,,,,,,10000,,,,,,,,,,,,,,,,,,,,,,,,,,,,,,245,466,,,83,180,133,90,,,,,,5,100,26,110,6,,,,,,,,,,,,,25,27,41,,,,,,,,,,,,,,,,,,,,,,,,,2,,,,,,,,,,,,,,,,,,,,,,,,,,183876,
[5393],ARCHEAN CRATON (INCLUDING GREENSTONE BELTS),DHARWAR CRATON / WESTERN DHARWAR CRATON DOMAIN / HOLENAR(A)SIPUR SCHIST BELT,"LEFT AND RIGHT BANK CANAL EXCAVATIONS OF THE HEMAVATHI IRRIGIATION PROJECT, HASSAN DISTRICT, SARGUR GROUP",12.77,12.77,76.23,76.23,SUBAERIAL,,,s I546 [5393],NOT GIVEN [5393],,,,ARCHEAN [5393],,,,,VOLCANIC ROCK,,,EXTENSIVELY ALTERED,,WHOLE_ROCK [5393] ,223433.93,2577.162,,17994.534,,,,86746.68000000001,57890.7,130859.68,1239.1328,,166.03,1483.714,113.46946,,,,,,,,,,,,,,,,63000.,,,,,,,,,,,,,,,,,,,,,,,,,,,,20,,102,2521,,,94,1193,61,76,,,,,,3,54,7,37,1,,,,,,,,,,,,,7,2.4,4.3,,3,0.9,0.38,1.2,0.2,,,,0.11,0.65,0.1,0.66,0.11,,,,,,,,,,,1,,,,,,,,,,,,,,,,,,,,,,,,,,183877,
[5393],ARCHEAN CRATON (INCLUDING GREENSTONE BELTS),DHARWAR CRATON / WESTERN DHARWAR CRATON DOMAIN / HOLENAR(A)SIPUR SCHIST BELT,"LEFT AND RIGHT BANK CANAL EXCAVATIONS OF THE HEMAVATHI IRRIGIATION PROJECT, HASSAN DISTRICT, SARGUR GROUP",12.77,12.77,76.23,76.23,SUBAERIAL,,,s I563 [5393],NOT GIVEN [5393],,,,ARCHEAN [5393],,,,,VOLCANIC ROCK,,,EXTENSIVELY ALTERED,,WHOLE_ROCK [5393] ,234184.93500000003,6592.74,,72507.387,,,,104235.93000000001,73614.1,30152.,1936.145,,1826.33,14837.14,619.71782,,,,,,,,,,,,,,,,20000,,,,,,,,,,,,,,,,,,,,,,,,,,,,32,,263,122,,,67,116,135,135,,,,,,5,296,33,140,6,,,,,,,,,,,,,32,14.7,32.8,,19.2,4.5,1.34,5,0.93,,,,0.51,3.3,0.47,3.45,0.6,,,,,,,,,,,8,,,,,,,,,,,,,,,,,,,,,,,,,,183878,
[5393],ARCHEAN CRATON (INCLUDING GREENSTONE BELTS),DHARWAR CRATON / WESTERN DHARWAR CRATON DOMAIN / HOLENAR(A)SIPUR SCHIST BELT,"LEFT AND RIGHT BANK CANAL EXCAVATIONS OF THE HEMAVATHI IRRIGIATION PROJECT, HASSAN DISTRICT, SARGUR GROUP",12.77,12.77,76.23,76.23,SUBAERIAL,,,s I564 [5393],NOT GIVEN [5393],,,,ARCHEAN [5393],,,,,VOLCANIC ROCK,,,EXTENSIVELY ALTERED,,WHOLE_ROCK [5393] ,,,,,,,,,,,,,3652.66,13575.9831,,,,,,,,,,,,,,,,,,,,,,,,,,,,,,,,,,,,,,,,,,,,,,,242,779,,,71,217,34,112,,,,,,16,137,23,84,7,,,,,,,,,,,,,106,9,16,,,,,,,,,,,,,,,,,,,,,,,,,7,,,,,,,,,,,,,,,,,,,,,,,,,,183879,
[5393],ARCHEAN CRATON (INCLUDING GREENSTONE BELTS),DHARWAR CRATON / WESTERN DHARWAR CRATON DOMAIN / HOLENAR(A)SIPUR SCHIST BELT,"LEFT AND RIGHT BANK CANAL EXCAVATIONS OF THE HEMAVATHI IRRIGIATION PROJECT, HASSAN DISTRICT, SARGUR GROUP",12.77,12.77,76.23,76.23,SUBAERIAL,,,s I581 [5393],NOT GIVEN [5393],,,,ARCHEAN [5393],,,,,VOLCANIC ROCK,,,EXTENSIVELY ALTERED,,WHOLE_ROCK [5393] ,241663.89500000002,5873.531999999999,,70390.383,,,,90244.53,77187.6,45831.03999999999,1548.9160000000002,,2158.39,17804.568,375.32205999999996,,,,,,,,,,,,,,,,17000.,,,,,,,,,,,,,,,,,,,,,,,,,,,,,,321,158,,,94,133,99,83,,,,,,9,176,29,76,5,,,,,,,,,,,,,50,6,9,,,,,,,,,,,,,,,,,,,,,,,,,1,,,,,,,,,,,,,,,,,,,,,,,,,,183880,
[5393],ARCHEAN CRATON (INCLUDING GREENSTONE BELTS),DHARWAR CRATON / WESTERN DHARWAR CRATON DOMAIN / HOLENAR(A)SIPUR SCHIST BELT,"LEFT AND RIGHT BANK CANAL EXCAVATIONS OF THE HEMAVATHI IRRIGIATION PROJECT, HASSAN DISTRICT, SARGUR GROUP",12.77,12.77,76.23,76.23,SUBAERIAL,,,s I590 [5393],NOT GIVEN [5393],,,,ARCHEAN [5393],,,,,VOLCANIC ROCK,,,EXTENSIVELY ALTERED,,WHOLE_ROCK [5393] ,240261.59000000003,5154.324,,77799.897,,,,87446.25,72184.7,45831.03999999999,1316.5786,,1494.27,17062.711,366.59364000000005,,,,,,,,,,,,,,,,9900.,,,,,,,,,,,,,,,,,,,,,,,,,,,,,,232,248,,,79,143,195,89,,,,,,6,139,21,66,4,,,,,,,,,,,,,39,4,14,,,,,,,,,,,,,,,,,,,,,,,,,6,,,,,,,,,,,,,,,,,,,,,,,,,,183881,
[5393],ARCHEAN CRATON (INCLUDING GREENSTONE BELTS),DHARWAR CRATON / WESTERN DHARWAR CRATON DOMAIN / HOLENAR(A)SIPUR SCHIST BELT,"LEFT AND RIGHT BANK CANAL EXCAVATIONS OF THE HEMAVATHI IRRIGIATION PROJECT, HASSAN DISTRICT, SARGUR GROUP",12.77,12.77,76.23,76.23,SUBAERIAL,,,s I591 [5393],NOT GIVEN [5393],,,,ARCHEAN [5393],,,,,VOLCANIC ROCK,,,EXTENSIVELY ALTERED,,WHOLE_ROCK [5393] ,233250.065,6412.938,,75153.64199999999,,,,88845.39,75758.2,37991.52,1394.0244,,1743.3149999999998,16320.854000000001,519.34099,,,,,,,,,,,,,,,,24000.,,,,,,,,,,,,,,,,,,,,,,,,,,,,,,232,194,,,66,132,265,94,,,,,,5,252,28,85,5,,,,,,,,,,,,,21,1,21,,,,,,,,,,,,,,,,,,,,,,,,,4,,,,,,,,,,,,,,,,,,,,,,,,,,183882,
[5393],ARCHEAN CRATON (INCLUDING GREENSTONE BELTS),DHARWAR CRATON / WESTERN DHARWAR CRATON DOMAIN / HOLENAR(A)SIPUR SCHIST BELT,"LEFT AND RIGHT BANK CANAL EXCAVATIONS OF THE HEMAVATHI IRRIGIATION PROJECT, HASSAN DISTRICT, SARGUR GROUP",12.77,12.77,76.23,76.23,SUBAERIAL,,,s S373 [5393],NOT GIVEN [5393],,,,ARCHEAN [5393],,,,,VOLCANIC ROCK,,,EXTENSIVELY ALTERED,,WHOLE_ROCK [5393] ,240729.02500000002,1438.416,,20111.538,,,,93742.38,26443.9,154981.28,1936.145,,166.03,519.2999,43.6421,,,,,,,,,,,,,,,,20000,,,,,,,,,,,,,,,,,,,,,,,,,,,,30.3,,,3353,,,,632,,89,,,,,,,4,5,15,4,,,,,,,,,,,,,10,1.4,2.5,,2.1,0.9,0.4,1.1,0.17,,,,0.13,0.83,0.19,0.41,0.08,,,,,,,,,,,0.25,,,,,,,,,,,,,,,,,,,,,,,,,,183883,
[5393],ARCHEAN CRATON (INCLUDING GREENSTONE BELTS),DHARWAR CRATON / WESTERN DHARWAR CRATON DOMAIN / HOLENAR(A)SIPUR SCHIST BELT,"LEFT AND RIGHT BANK CANAL EXCAVATIONS OF THE HEMAVATHI IRRIGIATION PROJECT, HASSAN DISTRICT, SARGUR GROUP",12.77,12.77,76.23,76.23,SUBAERIAL,,,s S378 [5393],NOT GIVEN [5393],,,,ARCHEAN [5393],,,,,VOLCANIC ROCK,,,EXTENSIVELY ALTERED,,WHOLE_ROCK [5393] ,230445.45500000002,1378.482,,38106.072,,,,65060.009999999995,63608.3,129050.55999999998,1239.1328,,1411.255,2448.1281,43.6421,,,,,,,,,,,,,,,,32000.,,,,,,,,,,,,,,,,,,,,,,,,,,,,,,,2208,,,,1102,,68,,,,,,4,31,6,26,4,,,,,,,,,,,,,32,6,,,,,,,,,,,,,,,,,,,,,,,,,,,,,,,,,,,,,,,,,,,,,,,,,,,,183884,
[5393],ARCHEAN CRATON (INCLUDING GREENSTONE BELTS),DHARWAR CRATON / WESTERN DHARWAR CRATON DOMAIN / HOLENAR(A)SIPUR SCHIST BELT,"LEFT AND RIGHT BANK CANAL EXCAVATIONS OF THE HEMAVATHI IRRIGIATION PROJECT, HASSAN DISTRICT, SARGUR GROUP",12.77,12.77,76.23,76.23,SUBAERIAL,,,s S424 [5393],NOT GIVEN [5393],,,,ARCHEAN [5393],,,,,VOLCANIC ROCK,,,EXTENSIVELY ALTERED,,WHOLE_ROCK [5393] ,254752.075,1558.2839999999999,,8997.267,,,,111231.63,5002.9,150156.96,2633.1572,,166.03,,480.0631,,,,,,,,,,,,,,,,22000.,,,,,,,,,,,,,,,,,,,,,,,,,,,,,,,4006,,,,1088,,119,,,,,,,5,,15,7,,,,,,,,,,,,,10,5,,,,,,,,,,,,,,,,,,,,,,,,,,,,,,,,,,,,,,,,,,,,,,,,,,,,183885,
[5393],ARCHEAN CRATON (INCLUDING GREENSTONE BELTS),DHARWAR CRATON / WESTERN DHARWAR CRATON DOMAIN / HOLENAR(A)SIPUR SCHIST BELT,"LEFT AND RIGHT BANK CANAL EXCAVATIONS OF THE HEMAVATHI IRRIGIATION PROJECT, HASSAN DISTRICT, SARGUR GROUP",12.77,12.77,76.23,76.23,SUBAERIAL,,,s S414 [5393],NOT GIVEN [5393],,,,ARCHEAN [5393],,,,,VOLCANIC ROCK,,,EXTENSIVELY ALTERED,,WHOLE_ROCK [5393] ,227173.41000000003,2936.7659999999996,,62451.61800000001,,,,79051.41,115066.70000000001,53067.520000000004,1626.3618,,1660.3000000000002,14095.283,392.77889999999996,,,,,,,,,,,,,,,,11000.,,,,,,,,,,,,,,,,,,,,,,,,,,,,40,,,335,,,,180,,64,,,,,,,96,14,39,6,,,,,,,,,,,,,28,3,6.6,,3.1,1.4,0.58,2.4,0.35,,,,0.28,1.81,0.38,1.16,0.16,,,,,,,,,,,0.51,,,,,,,,,,,,,,,,,,,,,,,,,,183886,
[5393],ARCHEAN CRATON (INCLUDING GREENSTONE BELTS),DHARWAR CRATON / WESTERN DHARWAR CRATON DOMAIN / HOLENAR(A)SIPUR SCHIST BELT,"LEFT AND RIGHT BANK CANAL EXCAVATIONS OF THE HEMAVATHI IRRIGIATION PROJECT, HASSAN DISTRICT, SARGUR GROUP",12.77,12.77,76.23,76.23,SUBAERIAL,,,s S461 [5393],NOT GIVEN [5393],,,,ARCHEAN [5393],,,,,VOLCANIC ROCK,,,EXTENSIVELY ALTERED,,WHOLE_ROCK [5393] ,222966.49500000002,2577.162,,28050.303,,,,113330.34,71470,104928.95999999999,2555.7114,,830.1500000000001,2967.428,349.1368,,,,,,,,,,,,,,,,35000.,,,,,,,,,,,,,,,,,,,,,,,,,,,,61,,,1182,,,,374,,101,,,,,,,,13,25,9,,,,,,,,,,,,,12,1.9,5.2,,5.2,1.1,0.44,1.7,0.3,,,,0.25,1.7,1.32,1.12,0.24,,,,,,,,,,,1.54,,,,,,,,,,,,,,,,,,,,,,,,,,183887,
[5393],ARCHEAN CRATON (INCLUDING GREENSTONE BELTS),DHARWAR CRATON / WESTERN DHARWAR CRATON DOMAIN / BABABUDAN-S(H)IGEGUDDA SCHIST BELT,"TRAVERSE ACROSS THE BELT, SARGUR GROUP",13.11,13.11,76.04,76.07,SUBAERIAL,,,s S260 [5393],NOT GIVEN [5393],,,,ARCHEAN [5393],,,,,VOLCANIC ROCK,,,EXTENSIVELY ALTERED,,WHOLE_ROCK [5393] ,249142.855,4255.313999999999,,71448.88500000001,,,,93042.81000000001,61464.2,48243.2,1626.3618,,664.12,23961.981099999997,,,,,,,,,,,,,,,,,7000.,,,,,,,,,,,,,,,,,,,,,,,,,,,,,,,253,,,,168,,,,,,,,4,131,16,77,4,,,,,,,,,,,,,66,,17,,,,,,,,,,,,,,,,,,,,,,,,,2,,,,,,,,,,,,,,,,,,,,,,,,,,183888,
[5393],ARCHEAN CRATON (INCLUDING GREENSTONE BELTS),DHARWAR CRATON / WESTERN DHARWAR CRATON DOMAIN / BABABUDAN-S(H)IGEGUDDA SCHIST BELT,"TRAVERSE ACROSS THE BELT, SARGUR GROUP",13.11,13.11,76.04,76.07,SUBAERIAL,,,s S261 [5393],NOT GIVEN [5393],,,,ARCHEAN [5393],,,,,VOLCANIC ROCK,,,EXTENSIVELY ALTERED,,WHOLE_ROCK [5393] ,222966.49500000002,3296.37,,32284.310999999998,,,,81150.12,56461.3,132668.8,1394.0244,,,3709.285,,,,,,,,,,,,,,,,,40000,,,,,,,,,,,,,,,,,,,,,,,,,,,,24,,,4921,,,,1446,,,,,,,,5,8,11,51,4,,,,,,,,,,,,,40,3.9,8.4,,6.2,1.7,0.27,1.9,0.37,,,,0.16,1.05,0.16,1.1,0.21,,,,,,,,,,,0.67,,,,,,,,,,,,,,,,,,,,,,,,,,183889,
[5393],ARCHEAN CRATON (INCLUDING GREENSTONE BELTS),DHARWAR CRATON / WESTERN DHARWAR CRATON DOMAIN / BABABUDAN-S(H)IGEGUDDA SCHIST BELT,"TRAVERSE ACROSS THE BELT, SARGUR GROUP",13.11,13.11,76.04,76.07,SUBAERIAL,,,s S261A [5393],NOT GIVEN [5393],,,,ARCHEAN [5393],,,,,VOLCANIC ROCK,,,EXTENSIVELY ALTERED,,WHOLE_ROCK [5393] ,231847.76000000004,7012.277999999999,,77799.897,,,,95141.52,52887.8,61510.079999999994,1548.9160000000002,,1079.195,19288.282,379.68627,,,,,,,,,,,,,,,,11000.,,,,,,,,,,,,,,,,,,,,,,,,,,,,,,,,,,,,,,,,,,,3,79,26,100,5,,,,,,,,,,,,,,,,,,,,,,,,,,,,,,,,,,,,,,,,3,,,,,,,,,,,,,,,,,,,,,,,,,,183890,
[5393],ARCHEAN CRATON (INCLUDING GREENSTONE BELTS),DHARWAR CRATON / WESTERN DHARWAR CRATON DOMAIN / BABABUDAN-S(H)IGEGUDDA SCHIST BELT,"TRAVERSE ACROSS THE BELT, SARGUR GROUP",13.11,13.11,76.04,76.07,SUBAERIAL,,,s S264 [5393],NOT GIVEN [5393],,,,ARCHEAN [5393],,,,,VOLCANIC ROCK,,,EXTENSIVELY ALTERED,,WHOLE_ROCK [5393] ,244001.07000000004,7132.145999999999,,73565.88900000001,,,,100738.08,70755.3,38594.56,1239.1328,,1245.225,16320.854000000001,423.32837,,,,,,,,,,,,,,,,6000.,,,,,,,,,,,,,,,,,,,,,,,,,,,,34,,,166,,,,110,,,,,,,,3,120,31,143,13,,,,,,,,,,,,,59,1.7,15.3,,4.3,1.8,0.86,3.7,0.73,,,,0.6,3.56,0.52,3.6,0.88,,,,,,,,,,,3,,,,,,,,,,,,,,,,,,,,,,,,,,183891,
[5393],ARCHEAN CRATON (INCLUDING GREENSTONE BELTS),DHARWAR CRATON / WESTERN DHARWAR CRATON DOMAIN / BABABUDAN-S(H)IGEGUDDA SCHIST BELT,"TRAVERSE ACROSS THE BELT, SARGUR GROUP",13.11,13.11,76.04,76.07,SUBAERIAL,,,s S265 [5393],NOT GIVEN [5393],,,,ARCHEAN [5393],,,,,VOLCANIC ROCK,,,EXTENSIVELY ALTERED,,WHOLE_ROCK [5393] ,236522.11000000002,5394.0599999999995,,62980.869000000006,,,,76253.13,78617,63319.2,1394.0244,,5063.915,23739.424,,,,,,,,,,,,,,,,,17000.,,,,,,,,,,,,,,,,,,,,,,,,,,,,38,,,932,,,,202,,,,,,,,27,205,17,83,6,,,,,,,,,,,,,138,8.3,15.3,,11.9,2.9,1.07,3.1,0.56,,,,0.23,1.51,0.2,1.97,0.41,,,,,,,,,,,1.31,,,,,,,,,,,,,,,,,,,,,,,,,,183892,
[5393],ARCHEAN CRATON (INCLUDING GREENSTONE BELTS),DHARWAR CRATON / WESTERN DHARWAR CRATON DOMAIN / BABABUDAN-S(H)IGEGUDDA SCHIST BELT,"TRAVERSE ACROSS THE BELT, SARGUR GROUP",13.11,13.11,76.04,76.07,SUBAERIAL,,,s S266 [5393],NOT GIVEN [5393],,,,ARCHEAN [5393],,,,,METAMORPHIC ROCK,,,EXTENSIVELY ALTERED,,WHOLE_ROCK [5393] ,,10788.119999999999,,,,,,85347.54000000001,,,,,,,,,,,,,,,,,,,,,,,,,,,,,,,,,,,,,,,,,,,,,,,,,,,,,,210,,,,119,,,,,,,,3,300,51,213,9,,,,,,,,,,,,,159,24,37,,,,,,,,,,,,,,,,,,,,,,,,,5,,,,,,,,,,,,,,,,,,,,,,,,,,183893,
[5476],ARCHEAN CRATON (INCLUDING GREENSTONE BELTS),DHARWAR CRATON / WESTERN DHARWAR CRATON DOMAIN / MAYASANDRA SCHIST BELT,"2KM NE OF NAGAMANGALA, 500 M NORTH OF ARASEGAUDANAKOPPALU, SARGUR GROUP",12.87,12.87,76.75,76.75,SUBAERIAL,,,s MN-14A [5476],"KOMATIITE, PERIDOTITIC [5476]",,,,ARCHEAN [5476],,,,SPINIFEX-TEXTURED [5476] ,VOLCANIC ROCK,,,EXTENSIVELY ALTERED,,WHOLE_ROCK [5476] ,221283.72900000002,479.472,,45674.361300000004,,11610.039999999999,66225.95999999999,,42524.65,163906.272,619.5664,,166.03,6750.8987,349.1368,,52000.,,,,,,,,,,,,,,,,,,,,,,,,,,,,,,,,,,,,,,,,,,,,,2370,,,84,1030,,,,,,,,13,12,,,,,,,,,,,,,,,,,,,,,,,,,,,,,,,,,,,,,,,,,,,,,,,,,,,,,,,,,,,,,,,,,,,,,183894,
[5476],ARCHEAN CRATON (INCLUDING GREENSTONE BELTS),DHARWAR CRATON / WESTERN DHARWAR CRATON DOMAIN / MAYASANDRA SCHIST BELT,"2KM NE OF NAGAMANGALA, 500 M NORTH OF ARASEGAUDANAKOPPALU, SARGUR GROUP",12.87,12.87,76.75,76.75,SUBAERIAL,,,s MN-14B [5476],"KOMATIITE, PERIDOTITIC [5476]",,,,ARCHEAN [5476],,,,SPINIFEX-TEXTURED [5476] ,VOLCANIC ROCK,,,EXTENSIVELY ALTERED,,WHOLE_ROCK [5476] ,220629.32000000004,659.274,,43769.0577,,11540.099999999999,68091.48,,40166.14,165715.392,697.0122,,83.015,3635.0993,349.1368,,54800.00000000001,,,,,,,,,,,,,,,,,,,,,,,,,,,,,,,,,,,,,,,,,,,,,2541,,,96,1140,,,,,,,,12,9,,,,,,,,,,,,,,,,,,,,,,,,,,,,,,,,,,,,,,,,,,,,,,,,,,,,,,,,,,,,,,,,,,,,,183895,
[5476],ARCHEAN CRATON (INCLUDING GREENSTONE BELTS),DHARWAR CRATON / WESTERN DHARWAR CRATON DOMAIN / MAYASANDRA SCHIST BELT,"2KM NE OF NAGAMANGALA, 500 M NORTH OF ARASEGAUDANAKOPPALU, SARGUR GROUP",12.87,12.87,76.75,76.75,SUBAERIAL,,,s MN-14C [5476],"KOMATIITE, PERIDOTITIC [5476]",,,,ARCHEAN [5476],,,,SPINIFEX-TEXTURED [5476] ,VOLCANIC ROCK,,,EXTENSIVELY ALTERED,,WHOLE_ROCK [5476] ,221564.19,899.0099999999999,,43133.9565,,11330.28,65915.04000000001,,41809.95,167283.29599999997,619.5664,,83.015,6379.9702,392.77889999999996,,52500.,,,,,,,,,,,,,,,,,,,,,,,,,,,,,,,,,,,,,,,,,,,,,2535,,,120,1170,,,,,,,,11,12,,,,,,,,,,,,,,,,,,,,,,,,,,,,,,,,,,,,,,,,,,,,,,,,,,,,,,,,,,,,,,,,,,,,,183896,
[5476],ARCHEAN CRATON (INCLUDING GREENSTONE BELTS),DHARWAR CRATON / WESTERN DHARWAR CRATON DOMAIN / MAYASANDRA SCHIST BELT,"2KM NE OF NAGAMANGALA, 500 M NORTH OF ARASEGAUDANAKOPPALU, SARGUR GROUP",12.87,12.87,76.75,76.75,SUBAERIAL,,,s MN-14D [5476],"KOMATIITE, PERIDOTITIC [5476]",,,,ARCHEAN [5476],,,,SPINIFEX-TEXTURED [5476] ,VOLCANIC ROCK,,,EXTENSIVELY ALTERED,,WHOLE_ROCK [5476] ,223901.36500000002,599.34,,44986.335,,12029.68,67469.64,,38022.04,164629.91999999998,619.5664,,83.015,4006.0278000000003,349.1368,,58200.,,,,,,,,,,,,,,,,,,,,,,,,,,,,,,,,,,,,,,,,,,,,,2515,,,88,1090,,,,,,,,11,12,,,,,,,,,,,,,,,,,,,,,,,,,,,,,,,,,,,,,,,,,,,,,,,,,,,,,,,,,,,,,,,,,,,,,183897,
[5476],ARCHEAN CRATON (INCLUDING GREENSTONE BELTS),DHARWAR CRATON / WESTERN DHARWAR CRATON DOMAIN / MAYASANDRA SCHIST BELT,"2KM NE OF NAGAMANGALA, 500 M NORTH OF ARASEGAUDANAKOPPALU, SARGUR GROUP",12.87,12.87,76.75,76.75,SUBAERIAL,,,s MN-17A [5476],"KOMATIITE, PERIDOTITIC [5476]",,,,ARCHEAN [5476],,,,SPINIFEX-TEXTURED [5476] ,VOLCANIC ROCK,,,EXTENSIVELY ALTERED,,WHOLE_ROCK [5476] ,227734.33200000002,1798.0199999999998,,48320.61630000001,,8462.74,79750.98,,47456.079999999994,146900.544,387.22900000000004,,415.07500000000005,1261.1569,87.2842,,72200.,,,,,,,,,,,,,,,,,,,,,,,,,,,,,,,,,,,,,,,,,,,,,2100,,,55,750,,,,,,,,3,23,,,,,,,,,,,,,,,,,,,,,,,,,,,,,,,,,,,,,,,,,,,,,,,,,,,,,,,,,,,,,,,,,,,,,183898,
[5476],ARCHEAN CRATON (INCLUDING GREENSTONE BELTS),DHARWAR CRATON / WESTERN DHARWAR CRATON DOMAIN / MAYASANDRA SCHIST BELT,"2KM NE OF NAGAMANGALA, 500 M NORTH OF ARASEGAUDANAKOPPALU, SARGUR GROUP",12.87,12.87,76.75,76.75,SUBAERIAL,,,s MN-19 [5476],"KOMATIITE, PERIDOTITIC [5476]",,,,ARCHEAN [5476],,,,SPINIFEX-TEXTURED [5476] ,VOLCANIC ROCK,,,EXTENSIVELY ALTERED,,WHOLE_ROCK [5476] ,220115.14150000003,1198.68,,41440.3533,,14477.579999999998,63194.490000000005,,34019.72,174640.384,851.9038,,249.045,1483.714,0.,,84800.,,,,,,,,,,,,,,,,,,,,,,,,,,,,,,,,,,,,,,,,,,,,,2585,,,95,1190,,,,,,,,3,35,,,,,,,,,,,,,,,,,,,,,,,,,,,,,,,,,,,,,,,,,,,,,,,,,,,,,,,,,,,,,,,,,,,,,183899,
[5476],ARCHEAN CRATON (INCLUDING GREENSTONE BELTS),DHARWAR CRATON / WESTERN DHARWAR CRATON DOMAIN / MAYASANDRA SCHIST BELT,"2KM NE OF NAGAMANGALA, 500 M NORTH OF ARASEGAUDANAKOPPALU, SARGUR GROUP",12.87,12.87,76.75,76.75,SUBAERIAL,,,s MN-21 [5476],"KOMATIITE, PERIDOTITIC [5476]",,,,ARCHEAN [5476],,,,SPINIFEX-TEXTURED [5476] ,VOLCANIC ROCK,,,EXTENSIVELY ALTERED,,WHOLE_ROCK [5476] ,227921.306,1558.2839999999999,,47050.41390000001,,15526.680000000002,62339.46,,36735.579999999994,163725.36,1006.7954,,415.07500000000005,1928.8282,0.,,97600.,,,,,,,,,,,,,,,,,,,,,,,,,,,,,,,,,,,,,,,,,,,,,2320,,,76,920,,,,,,,,6,25,,,,,,,,,,,,,,,,,,,,,,,,,,,,,,,,,,,,,,,,,,,,,,,,,,,,,,,,,,,,,,,,,,,,,183900,
[5476],ARCHEAN CRATON (INCLUDING GREENSTONE BELTS),DHARWAR CRATON / WESTERN DHARWAR CRATON DOMAIN / MAYASANDRA SCHIST BELT,"2KM NE OF NAGAMANGALA, 500 M NORTH OF ARASEGAUDANAKOPPALU, SARGUR GROUP",12.87,12.87,76.75,76.75,SUBAERIAL,,,s MN-24 [5476],"KOMATIITE, PERIDOTITIC [5476]",,,,ARCHEAN [5476],,,,SPINIFEX-TEXTURED [5476] ,VOLCANIC ROCK,,,EXTENSIVELY ALTERED,,WHOLE_ROCK [5476] ,222779.521,1078.812,,42604.705500000004,,8742.5,54644.19,,39379.97,172831.264,464.6748,,249.045,1928.8282,2836.7365,,74200.,,,,,,,,,,,,,,,,,,,,,,,,,,,,,,,,,,,,,,,,,,,,,2562,,,115,1175,,,,,,,,3,49,,,,,,,,,,,,,,,,,,,,,,,,,,,,,,,,,,,,,,,,,,,,,,,,,,,,,,,,,,,,,,,,,,,,,183901,
[5476],ARCHEAN CRATON (INCLUDING GREENSTONE BELTS),DHARWAR CRATON / WESTERN DHARWAR CRATON DOMAIN / MAYASANDRA SCHIST BELT,"2KM NE OF NAGAMANGALA, 500 M NORTH OF ARASEGAUDANAKOPPALU, SARGUR GROUP",12.87,12.87,76.75,76.75,SUBAERIAL,,,s MN-40 [5476],"KOMATIITE, PERIDOTITIC [5476]",,,,ARCHEAN [5476],,,,SPINIFEX-TEXTURED [5476] ,VOLCANIC ROCK,,,EXTENSIVELY ALTERED,,WHOLE_ROCK [5476] ,221143.49850000002,958.944,,42128.3796,,21051.94,55499.219999999994,,29660.050000000003,174399.168,851.9038,,498.09,2448.1281,43.6421,,87100.00000000001,,,,,,,,,,,,,,,,,,,,,,,,,,,,,,,,,,,,,,,,,,,,,2565,,,100,1190,,,,,,,,3,41,,,,,,,,,,,,,,,,,,,,,,,,,,,,,,,,,,,,,,,,,,,,,,,,,,,,,,,,,,,,,,,,,,,,,183902,
[5476],ARCHEAN CRATON (INCLUDING GREENSTONE BELTS),DHARWAR CRATON / WESTERN DHARWAR CRATON DOMAIN / MAYASANDRA SCHIST BELT,"2KM NE OF NAGAMANGALA, 500 M NORTH OF ARASEGAUDANAKOPPALU, SARGUR GROUP",12.87,12.87,76.75,76.75,SUBAERIAL,,,s MN-41 [5476],"KOMATIITE, PERIDOTITIC [5476]",,,,ARCHEAN [5476],,,,SPINIFEX-TEXTURED [5476] ,VOLCANIC ROCK,,,EXTENSIVELY ALTERED,,WHOLE_ROCK [5476] ,221330.47250000003,839.076,,40699.401900000004,,24828.699999999997,47337.57,,29660.050000000003,175846.46399999998,929.3496,,498.09,2893.2423,130.9263,,86800.,,,,,,,,,,,,,,,,,,,,,,,,,,,,,,,,,,,,,,,,,,,,,2600,,,80,1200,,,,,,,,3,33,,,,,,,,,,,,,,,,,,,,,,,,,,,,,,,,,,,,,,,,,,,,,,,,,,,,,,,,,,,,,,,,,,,,,183903,
[5243],ARCHEAN CRATON (INCLUDING GREENSTONE BELTS),DHARWAR CRATON / WESTERN DHARWAR CRATON DOMAIN / HOLENAR(A)SIPUR SCHIST BELT,"NEAR GODDA DUDDA, ABOUT 5 KM NW OF BAGESHAPURA AND 0.5 KM NE OF KADIHALLI, SARGUR GROUP",13,13,76,76,SUBAERIAL,,,s KJ-217 [5243],"KOMATIITE, PERIDOTITIC [5243]",,,,ARCHEAN [5243],,,,SPINIFEX-TEXTURED [5243] ,VOLCANIC ROCK,,,EXTENSIVELY ALTERED,,WHOLE_ROCK [5243] ,205250.7085,779.1419999999999,,33554.5134,,,,64671.36,45740.8,160348.33599999998,1239.1328,,249.045,3189.9851,916.4841,,,,,,,,,,,,,,,,47400.,,,,,,,,,,,,,,,,,,,,,,,,,,,,,,94,2150,,,74,1147,17,267,,,,,,,,,,,,,,,,,,,,,,,,,,,,,,,,,,,,,,,,,,,,,,,,10,,,,,,,,,,,,,,,,,,,,,,,,,,,,183987,
[5243],ARCHEAN CRATON (INCLUDING GREENSTONE BELTS),DHARWAR CRATON / WESTERN DHARWAR CRATON DOMAIN / HOLENAR(A)SIPUR SCHIST BELT,"NEAR GODDA DUDDA, ABOUT 5 KM NW OF BAGESHAPURA AND 0.5 KM NE OF KADIHALLI, SARGUR GROUP",13,13,76,76,SUBAERIAL,,,s KJ-218 [5243],"KOMATIITE, PERIDOTITIC [5243]",,,,ARCHEAN [5243],,,,SPINIFEX-TEXTURED [5243] ,VOLCANIC ROCK,,,EXTENSIVELY ALTERED,,WHOLE_ROCK [5243] ,196462.93050000002,839.076,,35353.9668,,,,70190.18999999999,33590.9,175364.03199999998,1239.1328,,,2744.8709,1091.0525,,,,,,,,,,,,,,,,52900.,,,,,,,,,,,,,,,,,,,,,,,,,,,,,,125,2450,,,77,1130,19,289,,,,,,,,,,,,,,,,,,,,,,,,,,,,,,,,,,,,,,,,,,,,,,,,9,,,,,,,,,,,,,,,,,,,,,,,,,,,,183988,
[5243],ARCHEAN CRATON (INCLUDING GREENSTONE BELTS),DHARWAR CRATON / WESTERN DHARWAR CRATON DOMAIN / HOLENAR(A)SIPUR SCHIST BELT,"NEAR GODDA DUDDA, ABOUT 5 KM NW OF BAGESHAPURA AND 0.5 KM NE OF KADIHALLI, SARGUR GROUP",13,13,76,76,SUBAERIAL,,,s KJ-220 [5243],"KOMATIITE, PERIDOTITIC [5243]",,,,ARCHEAN [5243],,,,SPINIFEX-TEXTURED [5243] ,VOLCANIC ROCK,,,EXTENSIVELY ALTERED,,WHOLE_ROCK [5243] ,194967.13850000003,1078.812,,31807.9851,,,,72288.90000000001,40737.9,182902.03199999998,1316.5786,,249.045,2967.428,960.1262,,,,,,,,,,,,,,,,43000.,,,,,,,,,,,,,,,,,,,,,,,,,,,,,,135,2495,,,83,1191,172,94,,,,,,,,,,,,,,,,,,,,,,,,,,,,,,,,,,,,,,,,,,,,,,,,10,,,,,,,,,,,,,,,,,,,,,,,,,,,,183989,
[5243],ARCHEAN CRATON (INCLUDING GREENSTONE BELTS),DHARWAR CRATON / WESTERN DHARWAR CRATON DOMAIN / HOLENAR(A)SIPUR SCHIST BELT,"NEAR GODDA DUDDA, ABOUT 5 KM NW OF BAGESHAPURA AND 0.5 KM NE OF KADIHALLI, SARGUR GROUP",13,13,76,76,SUBAERIAL,,,s KJ-223 [5243],"KOMATIITE, PERIDOTITIC [5243]",,,,ARCHEAN [5243],,,,SPINIFEX-TEXTURED [5243] ,VOLCANIC ROCK,,,EXTENSIVELY ALTERED,,WHOLE_ROCK [5243] ,196229.213,1138.7459999999999,,37365.1206,,,,72211.17,35735,180429.568,1161.687,,249.045,2893.2423,1221.9788,,,,,,,,,,,,,,,,33000.,,,,,,,,,,,,,,,,,,,,,,,,,,,,,,125,2530,,,82,1155,13,99,,,,,,,,,,,,,,,,,,,,,,,,,,,,,,,,,,,,,,,,,,,,,,,,10,,,,,,,,,,,,,,,,,,,,,,,,,,,,183990,
[5243],ARCHEAN CRATON (INCLUDING GREENSTONE BELTS),DHARWAR CRATON / WESTERN DHARWAR CRATON DOMAIN / HOLENAR(A)SIPUR SCHIST BELT,"NEAR GODDA DUDDA, ABOUT 5 KM NW OF BAGESHAPURA AND 0.5 KM NE OF KADIHALLI, SARGUR GROUP",13,13,76,76,SUBAERIAL,,,s KJ-225 [5243],"KOMATIITE, PERIDOTITIC [5243]",,,,ARCHEAN [5243],,,,SPINIFEX-TEXTURED [5243] ,VOLCANIC ROCK,,,EXTENSIVELY ALTERED,,WHOLE_ROCK [5243] ,194219.2425,1078.812,,38106.072,,,,68868.78,30732.1,183324.15999999997,1161.687,,,2522.3138,1221.9788,,,,,,,,,,,,,,,,50000,,,,,,,,,,,,,,,,,,,,,,,,,,,,,,104,2365,,,84,1170,20,160,,,,,,,,,,,,,,,,,,,,,,,,,,,,,,,,,,,,,,,,,,,,,,,,9,,,,,,,,,,,,,,,,,,,,,,,,,,,,183991,
[5243],ARCHEAN CRATON (INCLUDING GREENSTONE BELTS),DHARWAR CRATON / WESTERN DHARWAR CRATON DOMAIN / HOLENAR(A)SIPUR SCHIST BELT,"NEAR GODDA DUDDA, ABOUT 5 KM NW OF BAGESHAPURA AND 0.5 KM NE OF KADIHALLI, SARGUR GROUP",13,13,76,76,SUBAERIAL,,,s KJ-227 [5243],"KOMATIITE, PERIDOTITIC [5243]",,,,ARCHEAN [5243],,,,SPINIFEX-TEXTURED [5243] ,VOLCANIC ROCK,,,EXTENSIVELY ALTERED,,WHOLE_ROCK [5243] ,196649.9045,1078.812,,39270.4242,,,,69957,32161.5,173374.,1239.1328,,,3041.6137,1178.3367,,,,,,,,,,,,,,,,51000.,,,,,,,,,,,,,,,,,,,,,,,,,,,,,,115,2475,,,102,1200,23,120,,,,,,,,,,,,,,,,,,,,,,,,,,,,,,,,,,,,,,,,,,,,,,,,9,,,,,,,,,,,,,,,,,,,,,,,,,,,,183992,
[5243],ARCHEAN CRATON (INCLUDING GREENSTONE BELTS),DHARWAR CRATON / WESTERN DHARWAR CRATON DOMAIN / NUGGIHALLI SCHIST BELT,"0.5 KM EAST OF BHAKTARAHALLI, SARGUR GROUP",13.0917,13.0917,76.4264,76.4264,SUBAERIAL,,,s NJ-142 [5243],"KOMATIITE, PERIDOTITIC [5243]",,,,ARCHEAN [5243],,,,SPINIFEX-TEXTURED [5243] ,VOLCANIC ROCK,,,EXTENSIVELY ALTERED,,WHOLE_ROCK [5243] ,226705.975,3056.634,,27362.276700000002,,,,96696.12,55317.78,119944.656,1394.0244,,,3857.6564,130.9263,,,,,,,,,,,,,,,,30500.,,,,,,,,,,,,,,,,,,,,,,,,,,,,,,,1235,,,82,726,50,264,,,,,,,,,,,,,,,,,,,,,,,,,,,,,,,,,,,,,,,,,,,,,,,,15,,,,,,,,,,,,,,,,,,,,,,,,,,,,183993,
[5243],ARCHEAN CRATON (INCLUDING GREENSTONE BELTS),DHARWAR CRATON / WESTERN DHARWAR CRATON DOMAIN / NUGGIHALLI SCHIST BELT,"0.5 KM EAST OF BHAKTARAHALLI, SARGUR GROUP",13.0917,13.0917,76.4264,76.4264,SUBAERIAL,,,s NJ-144 [5243],"KOMATIITE, PERIDOTITIC [5243]",,,,ARCHEAN [5243],,,,SPINIFEX-TEXTURED [5243] ,VOLCANIC ROCK,,,EXTENSIVELY ALTERED,,WHOLE_ROCK [5243] ,212495.95100000003,2816.8979999999997,,42816.4059,,,,92654.16,47170.2,126035.35999999999,1084.2412000000002,,249.045,5563.9275,174.5684,,,,,,,,,,,,,,,,39000.,,,,,,,,,,,,,,,,,,,,,,,,,,,,,,,1929,,,70,860,6,296,,,,,,,,,,,,,,,,,,,,,,,,,,,,,,,,,,,,,,,,,,,,,,,,15,,,,,,,,,,,,,,,,,,,,,,,,,,,,183994,
[5243],ARCHEAN CRATON (INCLUDING GREENSTONE BELTS),DHARWAR CRATON / WESTERN DHARWAR CRATON DOMAIN / NUGGIHALLI SCHIST BELT,"0.5 KM EAST OF BHAKTARAHALLI, SARGUR GROUP",13.0917,13.0917,76.4264,76.4264,SUBAERIAL,,,s NJ-145 [5243],"KOMATIITE, PERIDOTITIC [5243]",,,,ARCHEAN [5243],,,,SPINIFEX-TEXTURED [5243] ,VOLCANIC ROCK,,,EXTENSIVELY ALTERED,,WHOLE_ROCK [5243] ,216702.866,2337.426,,36888.7947,,,,80916.93000000001,51101.05,130377.24799999999,1239.1328,,581.105,7863.6842,43.6421,,,,,,,,,,,,,,,,33600.,,,,,,,,,,,,,,,,,,,,,,,,,,,,,,,1790,,,77,853,11,250,,,,,,,,,,,,,,,,,,,,,,,,,,,,,,,,,,,,,,,,,,,,,,,,23,,,,,,,,,,,,,,,,,,,,,,,,,,,,183995,
[5243],ARCHEAN CRATON (INCLUDING GREENSTONE BELTS),DHARWAR CRATON / WESTERN DHARWAR CRATON DOMAIN / NUGGIHALLI SCHIST BELT,"0.5 KM EAST OF BHAKTARAHALLI, SARGUR GROUP",13.0917,13.0917,76.4264,76.4264,SUBAERIAL,,,s NJ-150 [5243],"KOMATIITE, PERIDOTITIC [5243]",,,,ARCHEAN [5243],,,,SPINIFEX-TEXTURED [5243] ,VOLCANIC ROCK,,,EXTENSIVELY ALTERED,,WHOLE_ROCK [5243] ,215954.97000000003,2217.558,,31860.9102,,,,90710.91,62178.899999999994,132970.32,1316.5786,,249.045,5044.6276,305.4947,,,,,,,,,,,,,,,,26700.,,,,,,,,,,,,,,,,,,,,,,,,,,,,,,,1680,,,76,822,22,227,,,,,,,,,,,,,,,,,,,,,,,,,,,,,,,,,,,,,,,,,,,,,,,,23,,,,,,,,,,,,,,,,,,,,,,,,,,,,183996,
[5569],ARCHEAN CRATON (INCLUDING GREENSTONE BELTS),DHARWAR CRATON / EASTERN DHARWAR CRATON DOMAIN / KADIRI SCHIST BELT,"NEAR MUNDLAVARIPALLE, DHARWAR SUPERGROUP",13.73,14.43,78.03,78.16,SUBAERIAL,,,s KMB1 [5569],BASALT [5569],,,,ARCHEAN [5569],,,,FINE-GRAINED [5569] ,VOLCANIC ROCK,,,,,WHOLE_ROCK [5569] ,240729.02500000002,5453.994,,66156.375,,16226.079999999998,47881.68,,52887.8,73389.968,1548.9160000000002,,13282.400000000001,15949.9255,610.9894,,,,,,,,,,,,,,,,,,,,,,,,,,,,,,4,,,,,,,,,,,,,,,,110,412,,,50,139,37,116,,,,,,34,464,15,82,8,,,,,,,,,,,,,235,,,,,,,,,,,,,,,,,,,,,,,,,40,,,,,,,,,,,,,,,,,,,,,,,,,,,,183997,
[5569],ARCHEAN CRATON (INCLUDING GREENSTONE BELTS),DHARWAR CRATON / EASTERN DHARWAR CRATON DOMAIN / KADIRI SCHIST BELT,"NEAR MUNDLAVARIPALLE, DHARWAR SUPERGROUP",13.73,14.43,78.03,78.16,SUBAERIAL,,,s KMB2 [5569],BASALT [5569],,,,ARCHEAN [5569],,,,FINE-GRAINED [5569] ,VOLCANIC ROCK,,,,,WHOLE_ROCK [5569] ,237690.69750000004,6173.202,,66156.375,,1888.38,50679.96,,54460.14,87923.23199999999,1548.9160000000002,,14942.7,13724.3545,916.4841,,,,,,,,,,,,,,,,,,,,,,,,,,,,,,,,,,,,,,,,,,,,,,,,,,,,,,,,,,,,,,,,,,,,,,,,,,,,,,,,,,,,,,,,,,,,,,,,,,,,,,,,,,,,,,,,,,,,,,,,,,,,,,,,,183998,
[5569],ARCHEAN CRATON (INCLUDING GREENSTONE BELTS),DHARWAR CRATON / EASTERN DHARWAR CRATON DOMAIN / KADIRI SCHIST BELT,"NORTHERN BELT FROM SAMEVAMPALLE THROUGH KORIREDDIPALLE TO SOUTH OF NAKKALAPALLI, DHARWAR SUPERGROUP",13.73,14.43,78.03,78.16,SUBAERIAL,,,s KB3 [5569],BASALT [5569],,,,ARCHEAN [5569],,,,FINE-GRAINED [5569] ,VOLCANIC ROCK,,,,,WHOLE_ROCK [5569] ,237363.49300000002,5633.795999999999,,76159.2189,,14617.46,73066.2,,74543.20999999999,47579.85599999999,1548.9160000000002,,4565.825000000001,18917.353499999997,480.0631,,,,,,,,,,,,,,,,,,,,,,,,,,,,,,,,,,,,,,,,,,,,,,,,,,,,,,,,,,,,,,,,,,,,,,,,,,,,,,,,,,,,,,,,,,,,,,,,,,,,,,,,,,,,,,,,,,,,,,,,,,,,,,,,,183999,
[5569],ARCHEAN CRATON (INCLUDING GREENSTONE BELTS),DHARWAR CRATON / EASTERN DHARWAR CRATON DOMAIN / KADIRI SCHIST BELT,"NORTHERN BELT FROM SAMEVAMPALLE THROUGH KORIREDDIPALLE TO SOUTH OF NAKKALAPALLI, DHARWAR SUPERGROUP",13.73,14.43,78.03,78.16,SUBAERIAL,,,s KB4 [5569],BASALT [5569],,,,ARCHEAN [5569],,,,FINE-GRAINED [5569] ,VOLCANIC ROCK,,,,,WHOLE_ROCK [5569] ,231567.29900000003,8210.958,,81398.80380000001,,2937.48,77419.08,,78545.53,48182.896,1548.9160000000002,,7471.35,22626.638499999997,1527.4734999999998,,,,,,,,,,,,,,,,,,,,,,,,,,,,,,3,,,,,,,,,,,,,,,,229,273,,,63,153,60,126,,,,,,6,135,11,46,3,,,,,,,,,,,,,61,,,,,,,,,,,,,,,,,,,,,,,,,32,,,,,,,,,,,,,,,,,,,,,,,,,,,,184000,
[5569],ARCHEAN CRATON (INCLUDING GREENSTONE BELTS),DHARWAR CRATON / EASTERN DHARWAR CRATON DOMAIN / KADIRI SCHIST BELT,"NORTHERN BELT FROM SAMEVAMPALLE THROUGH KORIREDDIPALLE TO SOUTH OF NAKKALAPALLI, DHARWAR SUPERGROUP",13.73,14.43,78.03,78.16,SUBAERIAL,,,s KB5 [5569],BASALT [5569],,,,ARCHEAN [5569],,,,FINE-GRAINED [5569] ,VOLCANIC ROCK,,,,,WHOLE_ROCK [5569] ,234465.396,6472.872,,76847.2452,,3357.12,80528.28,,74543.20999999999,40825.808,1936.145,,7056.275,15949.9255,0.,,,,,,,,,,,,,,,,,,,,,,,,,,,,,,7,,,,,,,,,,,,,,,,182,530,,,52,233,9,78,,,,,,8,210,5,60,3,,,,,,,,,,,,,87,,,,,,,,,,,,,,,,,,,,,,,,,40,,,,,,,,,,,,,,,,,,,,,,,,,,,,184001,
[5569],ARCHEAN CRATON (INCLUDING GREENSTONE BELTS),DHARWAR CRATON / EASTERN DHARWAR CRATON DOMAIN / KADIRI SCHIST BELT,"NORTHERN BELT FROM SAMEVAMPALLE THROUGH KORIREDDIPALLE TO SOUTH OF NAKKALAPALLI, DHARWAR SUPERGROUP",13.73,14.43,78.03,78.16,SUBAERIAL,,,s KB6 [5569],BASALT [5569],,,,ARCHEAN [5569],,,,FINE-GRAINED [5569] ,VOLCANIC ROCK,,,,,WHOLE_ROCK [5569] ,237363.49300000002,6353.004,,73460.03880000001,,1958.3200000000002,68713.31999999999,,78545.53,40825.808,1781.2534,,7471.35,22626.638499999997,1265.6209,,,,,,,,,,,,,,,,,,,,,,,,,,,,,,8,,,,,,,,,,,,,,,,164,323,,,59,188,75,76,,,,,,9,124,22,53,3,,,,,,,,,,,,,71,,,,,,,,,,,,,,,,,,,,,,,,,39,,,,,,,,,,,,,,,,,,,,,,,,,,,,184002,
[5569],ARCHEAN CRATON (INCLUDING GREENSTONE BELTS),DHARWAR CRATON / EASTERN DHARWAR CRATON DOMAIN / KADIRI SCHIST BELT,DHARWAR SUPERGROUP,13.73,14.43,78.03,78.16,SUBAERIAL,,,s KBA7 [5569],"ANDESITE, BASALTIC [5569]",,,,ARCHEAN [5569],,,,,VOLCANIC ROCK,,,,,WHOLE_ROCK [5569] ,262418.009,4674.852,,72189.8364,,14617.46,42906.96,,62536.25,34011.456,1548.9160000000002,,14942.7,18917.353499999997,1527.4734999999998,,,,,,,,,,,,,,,,,,,,,,,,,,,,,,5,,,,,,,,,,,,,,,,134,471,,,62,250,72,125,,,,,,56,440,13,105,6,,,,,,,,,,,,,187,,,,,,,,,,,,,,,,,,,,,,,,,63,,,,,,,,,,,,,,,,,,,,,,,,,,,,184003,
[5569],ARCHEAN CRATON (INCLUDING GREENSTONE BELTS),DHARWAR CRATON / EASTERN DHARWAR CRATON DOMAIN / KADIRI SCHIST BELT,DHARWAR SUPERGROUP,13.73,14.43,78.03,78.16,SUBAERIAL,,,s KBA8 [5569],"ANDESITE, BASALTIC [5569]",,,,ARCHEAN [5569],,,,,VOLCANIC ROCK,,,,,WHOLE_ROCK [5569] ,264287.749,6353.004,,69914.0571,,7063.9400000000005,55343.76,,59320.100000000006,35880.88,1781.2534,,13282.400000000001,15949.9255,1527.4734999999998,,,,,,,,,,,,,,,,,,,,,,,,,,,,,,10,,,,,,,,,,,,,,,,171,202,,,46,75,63,92,,,,,,45,431,11,112,6,,,,,,,,,,,,,232,,,,,,,,,,,,,,,,,,,,,,,,,81,,,,,,,,,,,,,,,,,,,,,,,,,,,,184004,
[5569],ARCHEAN CRATON (INCLUDING GREENSTONE BELTS),DHARWAR CRATON / EASTERN DHARWAR CRATON DOMAIN / KADIRI SCHIST BELT,DHARWAR SUPERGROUP,13.73,14.43,78.03,78.16,SUBAERIAL,,,s KBA9 [5569],"ANDESITE, BASALTIC [5569]",,,,ARCHEAN [5569],,,,,VOLCANIC ROCK,,,,,WHOLE_ROCK [5569] ,258772.016,6472.872,,68008.7535,,13218.66,49125.36,,51315.46,48605.024,1548.9160000000002,,18678.375,22626.638499999997,829.1999000000001,,,,,,,,,,,,,,,,,,,,,,,,,,,,,,11,,,,,,,,,,,,,,,,169,420,,,46,101,42,89,,,,,,58,224,25,117,3,,,,,,,,,,,,,596,,,,,,,,,,,,,,,,,,,,,,,,,35,,,,,,,,,,,,,,,,,,,,,,,,,,,,184005,
[5569],ARCHEAN CRATON (INCLUDING GREENSTONE BELTS),DHARWAR CRATON / EASTERN DHARWAR CRATON DOMAIN / KADIRI SCHIST BELT,DHARWAR SUPERGROUP,13.73,14.43,78.03,78.16,SUBAERIAL,,,s KBA10 [5569],"ANDESITE, BASALTIC [5569]",,,,ARCHEAN [5569],,,,,VOLCANIC ROCK,,,,,WHOLE_ROCK [5569] ,255079.27950000003,6652.674,,73460.03880000001,,15526.680000000002,56276.520000000004,,56890.12,40825.808,2633.1572,,14942.7,17433.6395,1702.0419000000002,,,,,,,,,,,,,,,,,,,,,,,,,,,,,,9,,,,,,,,,,,,,,,,193,510,,,48,60,80,89,,,,,,38,177,16,138,3,,,,,,,,,,,,,269,,,,,,,,,,,,,,,,,,,,,,,,,32,,,,,,,,,,,,,,,,,,,,,,,,,,,,184006,
[5569],ARCHEAN CRATON (INCLUDING GREENSTONE BELTS),DHARWAR CRATON / EASTERN DHARWAR CRATON DOMAIN / KADIRI SCHIST BELT,DHARWAR SUPERGROUP,13.73,14.43,78.03,78.16,SUBAERIAL,,,s KBA11 [5569],"ANDESITE, BASALTIC [5569]",,,,ARCHEAN [5569],,,,,VOLCANIC ROCK,,,,,WHOLE_ROCK [5569] ,258958.99000000002,6173.202,,72824.9376,,7063.9400000000005,55343.76,,54460.14,46675.296,1316.5786,,14942.7,17433.6395,436.42100000000005,,,,,,,,,,,,,,,,,,,,,,,,,,,,,,4,,,,,,,,,,,,,,,,178,590,,,41,115,61,71,,,,,,44,230,17,102,3,,,,,,,,,,,,,422,,,,,,,,,,,,,,,,,,,,,,,,,28,,,,,,,,,,,,,,,,,,,,,,,,,,,,184007,
[5569],ARCHEAN CRATON (INCLUDING GREENSTONE BELTS),DHARWAR CRATON / EASTERN DHARWAR CRATON DOMAIN / KADIRI SCHIST BELT,DHARWAR SUPERGROUP,13.73,14.43,78.03,78.16,SUBAERIAL,,,s KBA12 [5569],"ANDESITE, BASALTIC [5569]",,,,ARCHEAN [5569],,,,,VOLCANIC ROCK,,,,,WHOLE_ROCK [5569] ,262418.009,4854.654,,75365.34240000001,,279.76,63427.68,,45169.04,46675.296,2013.5908,,7886.424999999999,18917.353499999997,1003.7683000000001,,,,,,,,,,,,,,,,,,,,,,,,,,,,,,,,,,,,,,,,,,,,,,,,,,,,,,,,,,,,,,,,,,,,,,,,,,,,,,,,,,,,,,,,,,,,,,,,,,,,,,,,,,,,,,,,,,,,,,,,,,,,,,,,,184008,
[5569],ARCHEAN CRATON (INCLUDING GREENSTONE BELTS),DHARWAR CRATON / EASTERN DHARWAR CRATON DOMAIN / KADIRI SCHIST BELT,DHARWAR SUPERGROUP,13.73,14.43,78.03,78.16,SUBAERIAL,,,s KBA13 [5569],"ANDESITE, BASALTIC [5569]",,,,ARCHEAN [5569],,,,,VOLCANIC ROCK,,,,,WHOLE_ROCK [5569] ,262932.1875,6532.8060000000005,,75365.34240000001,,15246.920000000002,40730.520000000004,,44883.16,42273.104,1471.4702,,18678.375,22626.638499999997,436.42100000000005,,,,,,,,,,,,,,,,,,,,,,,,,,,,,,13,,,,,,,,,,,,,,,,178,182,,,48,94,44,85,,,,,,70,420,21,104,10,,,,,,,,,,,,,166,,,,,,,,,,,,,,,,,,,,,,,,,34,,,,,,,,,,,,,,,,,,,,,,,,,,,,184009,
