Citations,Tectonic Setting,Location,Location Comment,Latitude (Min),Latitude (Max),Longitude (Min),Longitude (Max),Land or Sea,Elevation (Min),Elevation (Max),Sample Name,Rock Name,"Age (a, Min)","Age (a, Max)",Geol,Age,Eruption Day,Eruption Month,Eruption Year,Rock Texture,Rock Type,Drill Depth (Min),Drill Depth (Max),Alteration,Mineral,Material,Si,Ti,B,Al,Cr,Fe3+,Fe2+,Fetot(2+),Ca,Mg,Mn,Ni,K,Na,P,H2O,H2OP,H2OM,H2Otot,CO2,CO,F,Cl,Cl2,OH,CH4,SO2,SO3,SO4,S,LOI,Volatiles,O,Others,HE(CCM/G),HE(CCMSTP/G),HE3(CCMSTP/G),HE3(AT/G),HE4(CCM/G),HE4(CCMSTP/G),HE4(AT/G),HE4(MOLE/G),HE4(NCC/G),HE(NCC/G),Li,Be,B,C,CO2,F,Na,Mg,Al,P,S,Cl,K,Ca,Sc,Ti,V,Cr,Mn,Fe,Co,Ni,Cu,Zn,Ga,Ge,As,Se,Br,Rb,Sr,Y,Zr,Nb,Mo,Ru,Rh,Pd,Ag,Cd,In,Sn,Sb,Te,I,Cs,Ba,La,Ce,Pr,Nd,Sm,Eu,Gd,Tb,Dy,Ho,Er,Tm,Yb,Lu,Hf,Ta,W,Re,Os,Ir,Pt,Au,Hg,Tl,Pb,Bi,Th,U,Nd143/Nd144,Nd143/Nd144 initial,e Nd,Sr87/Sr86,SR87_SR86_INI,PB206_PB204,PB206_PB204_INI,PB207_PB204,PB207_PB204_INI,PB208_PB204,PB208_PB204_INI,OS184_OS188,OS186_OS188,OS187_OS186,OS187_OS188,RE187_OS186,RE187_OS188,HF176_HF177,HE3_HE4,HE3_HE4(R/R(A)),HE4_HE3,HE4_HE3(R/R(A)),K40_AR40,AR40_K40,Unique Id,
[5316],ARCHEAN CRATON (INCLUDING GREENSTONE BELTS),KAAPVAAL CRATON_ARCHEAN / BARBERTON GREENSTONE BELT / ONVERWACHT GROUP / WELTEVREDEN FORMATION,"BARBERTON MOUNTAIN LAND, EASTERN TRANSVAAL",-25.77,-25.77,31,31,SUBAERIAL,,,s SA412-8 [5316],KOMATIITE [5316],3200000000 [5316],3500000000 [5316],,ARCHEAN [5316],,,,SPINIFEX [5316] ,VOLCANIC ROCK,,,,,WHOLE_ROCK [5316] ,257790.40250000003,2637.096,,55042.10400000001,,,,72988.47,51315.46,79540.976,1394.0244,,498.09,21588.0387,218.21050000000002,31900.,,,,,,,,,,,,,,,,,,,,,,,,,,,,,,,,,,,,,,,,,,,,,,935,,,,,,,,,,,,0.92,41.3,12.73,32.4,1.32,,,,,,,,,,,,1.02,22.5,2.59,6.49,0.88,4.358,1.243,0.45,1.58,0.28,1.89,0.43,1.24,0.18,1.23,0.2,0.79,0.03,,,,,,,,,0.56,,0.32,0.062,0.512194,,,,,,,,,,,,,,,,,,,,,,,,155423,
[5316],ARCHEAN CRATON (INCLUDING GREENSTONE BELTS),KAAPVAAL CRATON_ARCHEAN / BARBERTON GREENSTONE BELT / ONVERWACHT GROUP / WELTEVREDEN FORMATION,"BARBERTON MOUNTAIN LAND, EASTERN TRANSVAAL",-25.77,-25.77,31,31,SUBAERIAL,,,s SA412-9 [5316],KOMATIITE [5316],3200000000 [5316],3500000000 [5316],,ARCHEAN [5316],,,,SPINIFEX [5316] ,VOLCANIC ROCK,,,,,WHOLE_ROCK [5316] ,251760.491,2637.096,,53718.976500000004,,,,83948.40000000001,63965.649999999994,64284.064,1471.4702,,498.09,26781.037699999997,174.5684,18700.,,,,,,,,,,,,,,,,,,,,,,,,,,,,,,,,,,,,,,,,,,,,,,567,,,,,,,,,,,,0.76,25.3,8.74,19.8,0.94,,,,,,,,,,,,0.34,12,0.84,2.52,0.4,2.509,0.947,0.33,1.19,0.19,1.54,0.33,1.04,0.15,0.97,0.14,0.49,0.01,,,,,,,,,0.38,,0.07,0.02,0.513407,,,,,,,,,,,,,,,,,,,,,,,,155424,
[5316],ARCHEAN CRATON (INCLUDING GREENSTONE BELTS),KAAPVAAL CRATON_ARCHEAN / BARBERTON GREENSTONE BELT / ONVERWACHT GROUP / MENDON FORMATION,"BARBERTON MOUNTAIN LAND, EASTERN TRANSVAAL",-25.77,-25.77,31,31,SUBAERIAL,,,s SA 107-3 [5316],KOMATIITE [5316],3200000000 [5316],3500000000 [5316],,ARCHEAN [5316],,,,SPINIFEX [5316] ,VOLCANIC ROCK,,,,,WHOLE_ROCK [5316] ,278404.286,3895.71,,43504.4322,,,,51379.530000000006,79331.7,50896.575999999994,1548.9160000000002,,1162.21,35905.8788,523.7052,5400.,,,,,,,,,,,,,,,,,,,,,,,,,,,,,,,,,,,,,,,,,,,,,,,,,,,,,,,,,,0.97,49.3,12.68,39.6,1.84,,,,,,,,,,,,0.04,45.4,3.81,9.36,1.27,6.05,1.67,0.65,2.12,0.36,2.26,0.48,1.33,0.18,1.23,0.19,0.95,0.037,,,,,,,,,2.13,,0.23,0.042,,,,,,,,,,,,,,,,,,,,,,,,,155426,
[5316],ARCHEAN CRATON (INCLUDING GREENSTONE BELTS),KAAPVAAL CRATON_ARCHEAN / BARBERTON GREENSTONE BELT / ONVERWACHT GROUP / MENDON FORMATION,"BARBERTON MOUNTAIN LAND, EASTERN TRANSVAAL",-25.77,-25.77,31,31,SUBAERIAL,,,s SA 107-6B [5316],KOMATIITE [5316],3200000000 [5316],3500000000 [5316],,ARCHEAN [5316],,,,SPINIFEX [5316] ,VOLCANIC ROCK,,,,,WHOLE_ROCK [5316] ,232455.4255,3895.71,,34454.2401,,,,105324.15000000001,78116.70999999999,95280.31999999999,1936.145,,581.105,6379.9702,261.8526,27700.,,,,,,,,,,,,,,,,,,,,,,,,,,,,,,,,,,,,,,,,,,,,,,1726,,,,,,,,,,,,2.49,17.1,13.61,40.4,1.89,,,,,,,,,,,,0.66,16.5,3.67,9.95,1.33,6.566,1.886,0.66,2.22,0.38,2.39,0.51,1.41,0.2,1.29,0.2,0.99,0.04,,,,,,,,,0.34,,0.46,0.081,0.512166,,,,,,,,,,,,,,,,,,,,,,,,155427,
[5316],ARCHEAN CRATON (INCLUDING GREENSTONE BELTS),KAAPVAAL CRATON_ARCHEAN / BARBERTON GREENSTONE BELT / ONVERWACHT GROUP / MENDON FORMATION,"BARBERTON MOUNTAIN LAND, EASTERN TRANSVAAL",-25.77,-25.77,31,31,SUBAERIAL,,,s SA 107-10 [5316],KOMATIITE [5316],3200000000 [5316],3500000000 [5316],,ARCHEAN [5316],,,,SPINIFEX [5316] ,VOLCANIC ROCK,,,,,WHOLE_ROCK [5316] ,248441.7025,4375.182,,39429.1995,,,,91410.48,71112.65,77912.768,1781.2534,,2490.45,15578.997,261.8526,22000.,,,,,,,,,,,,,,,,,,,,,,,,,,,,,,,,,,,,,,,,,,,,,,939,,,,,,,,,,,,3.37,63.2,14.38,44.8,2.47,,,,,,,,,,,,0.28,247,3.59,8.96,1.25,6.495,2.026,0.65,2.37,0.35,2.54,0.54,1.57,0.21,1.44,0.19,1.07,0.04,,,,,,,,,0.12,,0.27,0.06,0.512564,,,,,,,,,,,,,,,,,,,,,,,,155430,
[5316],ARCHEAN CRATON (INCLUDING GREENSTONE BELTS),KAAPVAAL CRATON_ARCHEAN / BARBERTON GREENSTONE BELT / ONVERWACHT GROUP / MENDON FORMATION,"BARBERTON MOUNTAIN LAND, EASTERN TRANSVAAL",-25.77,-25.77,31,31,SUBAERIAL,,,s SA 107-11 [5316],KOMATIITE [5316],3200000000 [5316],3500000000 [5316],,ARCHEAN [5316],,,,SPINIFEX [5316] ,VOLCANIC ROCK,,,,,WHOLE_ROCK [5316] ,261342.9085,4195.379999999999,,39217.4991,,,,72755.28,77759.36,66997.74399999999,1471.4702,,913.165,23887.7954,305.4947,10700.,,,,,,,,,,,,,,,,,,,,,,,,,,,,,,,,,,,,,,,,,,,,,,889,,,,,,,,,,,,2.25,33,13.27,42.6,2.39,,,,,,,,,,,,0.17,57.9,4.11,9.79,1.33,6.859,2.04,0.66,2.25,0.33,2.45,0.5,1.38,0.19,1.29,0.19,1.07,0.03,,,,,,,,,0.82,,0.29,0.04,0.512365,,,,,,,,,,,,,,,,,,,,,,,,155431,
[5316],ARCHEAN CRATON (INCLUDING GREENSTONE BELTS),KAAPVAAL CRATON_ARCHEAN / BARBERTON GREENSTONE BELT / ONVERWACHT GROUP / KOMATI FORMATION,"KOMATI TYPE SECTION, EAST OF SPINIFEX STREAM, BARBERTON MOUNTAIN LAND, EASTERN TRANSVAAL",-25.77,-25.77,31,31,SUBAERIAL,,,s SA166-1 [5316],KOMATIITE [5316],3200000000 [5316],3500000000 [5316],,ARCHEAN [5316],,,,SPINIFEX [5316] ,VOLCANIC ROCK,,,,,WHOLE_ROCK [5316] ,220863.0375,3056.634,,26144.999400000004,,,,87057.59999999999,84906.36,134779.44,1548.9160000000002,,83.015,0.,174.5684,60599.99999999999,,,,,,,,,,,,,,,,,,,,,,,,,,,,,,,,,,,,,,,,,,,,,,2146,,,,,,,,,,,,0.24,30.4,9.68,28.6,1.47,,,,,,,,,,,,0.47,5.27,2.21,5.99,0.88,4.532,1.392,0.55,1.77,0.29,1.8,0.37,1.03,0.14,0.97,0.14,0.73,0.034,,,,,,,,,0.34,,0.16,0.025,0.512412,,,,,,,,,,,,,,,,,,,,,,,,155432,
[5316],ARCHEAN CRATON (INCLUDING GREENSTONE BELTS),KAAPVAAL CRATON_ARCHEAN / BARBERTON GREENSTONE BELT / ONVERWACHT GROUP / KOMATI FORMATION,"KOMATI TYPE SECTION, EAST OF SPINIFEX STREAM, BARBERTON MOUNTAIN LAND, EASTERN TRANSVAAL",-25.77,-25.77,31,31,SUBAERIAL,,,s SA 229-2 [5316],KOMATIITE [5316],3200000000 [5316],3500000000 [5316],,ARCHEAN [5316],,,,SPINIFEX [5316] ,VOLCANIC ROCK,,,,,WHOLE_ROCK [5316] ,222171.85550000003,3236.436,,25721.5986,,,,79517.79000000001,104060.32,124768.976,1703.8076,,166.03,0.,218.21050000000002,39500.,,,,,,,,,,,,,,,,,,,,,,,,,,,,,,,,,,,,,,,,,,,,,,1960,,,,,,,,,,,,1.87,10.7,9.92,27.3,1.84,,,,,,,,,,,,0.64,4.1,2.26,6.76,0.94,5.259,1.606,0.56,1.78,0.26,1.85,0.39,1.08,0.14,0.97,0.13,0.68,0.03,,,,,,,,,0.29,,0.16,0.03,0.512453,,,,,,,,,,,,,,,,,,,,,,,,155433,
[5316],ARCHEAN CRATON (INCLUDING GREENSTONE BELTS),KAAPVAAL CRATON_ARCHEAN / BARBERTON GREENSTONE BELT / ONVERWACHT GROUP / KOMATI FORMATION,"KOMATI TYPE SECTION, EAST OF SPINIFEX STREAM, BARBERTON MOUNTAIN LAND, EASTERN TRANSVAAL",-25.77,-25.77,31,31,SUBAERIAL,,,s SA 229-3 [5316],KOMATIITE [5316],3200000000 [5316],3500000000 [5316],,ARCHEAN [5316],,,,SPINIFEX [5316] ,VOLCANIC ROCK,,,,,WHOLE_ROCK [5316] ,220816.29400000002,3116.5679999999998,,24821.871900000002,,,,92731.89,85263.70999999999,132065.75999999998,1471.4702,,83.015,0.,218.21050000000002,46000.,,,,,,,,,,,,,,,,,,,,,,,,,,,,,,,,,,,,,,,,,,,,,,2237,,,,,,,,,,,,0.94,11.1,8.54,24.2,1.73,,,,,,,,,,,,0.54,18.4,1.96,5.73,0.78,4.29,1.329,0.46,1.49,0.22,1.63,0.34,0.93,0.13,0.86,0.12,0.63,0.03,,,,,,,,,0.09,,0.15,0.03,0.512508,,,,,,,,,,,,,,,,,,,,,,,,155434,
[5316],ARCHEAN CRATON (INCLUDING GREENSTONE BELTS),KAAPVAAL CRATON_ARCHEAN / BARBERTON GREENSTONE BELT / ONVERWACHT GROUP / KOMATI FORMATION,"KOMATI TYPE SECTION, EAST OF SPINIFEX STREAM, BARBERTON MOUNTAIN LAND, EASTERN TRANSVAAL",-25.77,-25.77,31,31,SUBAERIAL,,,s SA 229-5 [5316],KOMATIITE [5316],3200000000 [5316],3500000000 [5316],,ARCHEAN [5316],,,,SPINIFEX [5316] ,VOLCANIC ROCK,,,,,WHOLE_ROCK [5316] ,228856.17600000004,1977.822,,15983.380200000001,,,,96696.12,73399.69,139965.584,1161.687,,0.,0.,130.9263,45100.,,,,,,,,,,,,,,,,,,,,,,,,,,,,,,,,,,,,,,,,,,,,,,2321,,,,,,,,,,,,0.41,14.2,6.57,14.9,0.89,,,,,,,,,,,,0.26,4.07,1.21,3.62,0.53,2.956,0.947,0.29,1.16,0.2,1.21,0.26,0.66,0.1,0.64,0.1,0.43,0.019,,,,,,,,,0.32,,0.09,0.017,0.51263,,,,,,,,,,,,,,,,,,,,,,,,155435,
[5316],ARCHEAN CRATON (INCLUDING GREENSTONE BELTS),KAAPVAAL CRATON_ARCHEAN / BARBERTON GREENSTONE BELT / ONVERWACHT GROUP / KOMATI FORMATION,"KOMATI TYPE SECTION, EAST OF SPINIFEX STREAM, BARBERTON MOUNTAIN LAND, EASTERN TRANSVAAL",-25.77,-25.77,31,31,SUBAERIAL,,,s B20 [5316],KOMATIITE [5316],3200000000 [5316],3500000000 [5316],,ARCHEAN [5316],,,,SPINIFEX [5316] ,VOLCANIC ROCK,,,,,WHOLE_ROCK [5316] ,223153.46900000004,2517.2279999999996,,22916.568300000003,,,,90633.18000000001,52530.45,161735.32799999998,1626.3618,,166.03,741.857,174.5684,56600.,,,,,,,,,,,,,,,,,,,,,,,,,,,,,,,,,,,,,,,,,,,,,,2451,,,,,,,,,,,,1.06,27.7,7.45,25.5,2.13,,,,,,,,,,,,0,17,,,,10.873,3.147,,,,,,,,,,,,,,,,,,,,,,2.13,,0.512249,,,,,,,,,,,,,,,,,,,,,,,,155439,
[5316],ARCHEAN CRATON (INCLUDING GREENSTONE BELTS),KAAPVAAL CRATON_ARCHEAN / BARBERTON GREENSTONE BELT / ONVERWACHT GROUP / KOMATI FORMATION,"KOMATI TYPE SECTION, EAST OF SPINIFEX STREAM, BARBERTON MOUNTAIN LAND, EASTERN TRANSVAAL",-25.77,-25.77,31,31,SUBAERIAL,,,s B21 [5316],KOMATIITE [5316],3200000000 [5316],3500000000 [5316],,ARCHEAN [5316],,,,SPINIFEX [5316] ,VOLCANIC ROCK,,,,,WHOLE_ROCK [5316] ,221470.70300000004,2397.36,,21275.890199999998,,,,87601.70999999999,47384.61,173494.60799999998,1471.4702,,83.015,296.7428,130.9263,64700.,,,,,,,,,,,,,,,,,,,,,,,,,,,,,,,,,,,,,,,,,,,,,,2346,,,,,,,,,,,,,25.8,6.45,24.7,1.07,,,,,,,,,,,,,32.2,,,,3.577,1.06,,,,,,,,,,,,,,,,,,,,,,,,0.512265,,,,,,,,,,,,,,,,,,,,,,,,155442,
[5331],ARCHEAN CRATON (INCLUDING GREENSTONE BELTS),KAAPVAAL CRATON_ARCHEAN / BARBERTON GREENSTONE BELT / ONVERWACHT GROUP / SCHAPENBURG KOMATIITE - PATRICK^S FLOW,SCHAPENBURG GREENSTONE REMNANT,-25.95,-25.95,30.57,30.57,SUBAERIAL,,,s PD1 [5331],"KOMATIITE, PERIDOTITIC [5331]",,,,ARCHEAN [5331],,,,SPINIFEX-TEXTURED [5331] ,VOLCANIC ROCK,,,,,WHOLE_ROCK [5331] ,187441.43500000003,1138.7459999999999,,15348.279,,,,89544.95999999999,22441.58,191766.72,851.9038,,415.07500000000005,1038.5998,130.9263,,,,,,,,,,,,,,,,85300.,,,,,,,,,,,,,,,,,,,,,,,,,,,,,,,1880,,,,2050,,,,,,,,0,19,5,9,2,,,,,,,,,,,,,,,,,1.91,0.579,,,,,,,,,,,,,,,,,,,,,,,,0.512443,,,,,,,,,,,,,,,,,,,,,,,,161914,
[5331],ARCHEAN CRATON (INCLUDING GREENSTONE BELTS),KAAPVAAL CRATON_ARCHEAN / BARBERTON GREENSTONE BELT / ONVERWACHT GROUP / SCHAPENBURG KOMATIITE - PATRICK^S FLOW,SCHAPENBURG GREENSTONE REMNANT,-25.95,-25.95,30.57,30.57,SUBAERIAL,,,s PD2 [5331],"KOMATIITE, PERIDOTITIC [5331]",,,,ARCHEAN [5331],,,,SPINIFEX-TEXTURED [5331] ,VOLCANIC ROCK,,,,,WHOLE_ROCK [5331] ,214552.665,2337.426,,20958.3396,,,,69101.97,54245.729999999996,159805.59999999998,1394.0244,,664.12,3115.7994,174.5684,,,,,,,,,,,,,,,,53700.,,,,,,,,,,,,,,,,,,,,,,,,,,,,,,,2650,,,,1290,,,,,,,,0,65,8,20,2,,,,,,,,,,,,,,,,,3.844,1.148,,,,,,,,,,,,,,,,,,,,,,,,0.512441,,,,,,,,,,,,,,,,,,,,,,,,161915,
[5331],ARCHEAN CRATON (INCLUDING GREENSTONE BELTS),KAAPVAAL CRATON_ARCHEAN / BARBERTON GREENSTONE BELT / ONVERWACHT GROUP / SCHAPENBURG KOMATIITE - PATRICK^S FLOW,SCHAPENBURG GREENSTONE REMNANT,-25.95,-25.95,30.57,30.57,SUBAERIAL,,,s PD3 [5331],"KOMATIITE, PERIDOTITIC [5331]",,,,ARCHEAN [5331],,,,SPINIFEX-TEXTURED [5331] ,VOLCANIC ROCK,,,,,WHOLE_ROCK [5331] ,207541.14,1917.888,,21593.4408,,,,83948.40000000001,48671.07,162820.8,1471.4702,,581.105,2967.428,174.5684,,,,,,,,,,,,,,,,51400.,,,,,,,,,,,,,,,,,,,,,,,,,,,,,,,2520,,,,1480,,,,,,,,0,60,9,22,2,,,,,,,,,,,,,,1.51,4.06,,3.272,1.03,0.41,1.26,,1.32,,0.73,,0.62,0.1,,,,,,,,,,,,,,,0.51259,,,,,,,,,,,,,,,,,,,,,,,,161916,
[5331],ARCHEAN CRATON (INCLUDING GREENSTONE BELTS),KAAPVAAL CRATON_ARCHEAN / BARBERTON GREENSTONE BELT / ONVERWACHT GROUP / SCHAPENBURG KOMATIITE - PATRICK^S FLOW,SCHAPENBURG GREENSTONE REMNANT,-25.95,-25.95,30.57,30.57,SUBAERIAL,,,s PD4 [5331],"KOMATIITE, PERIDOTITIC [5331]",,,,ARCHEAN [5331],,,,SPINIFEX-TEXTURED [5331] ,VOLCANIC ROCK,,,,,WHOLE_ROCK [5331] ,214552.665,2277.4919999999997,,23551.669500000004,,,,81849.68999999999,55246.310000000005,157996.47999999998,1394.0244,,581.105,3635.0993,218.21050000000002,,,,,,,,,,,,,,,,33300.,,,,,,,,,,,,,,,,,,,,,,,,,,,,,,,2600,,,,1250,,,,,,,,0,79,12,21,2,,,,,,,,,,,,,,,,,3.891,1.227,,,,,,,,,,,,,,,,,,,,,,,,0.512616,,,,,,,,,,,,,,,,,,,,,,,,161917,
[5331],ARCHEAN CRATON (INCLUDING GREENSTONE BELTS),KAAPVAAL CRATON_ARCHEAN / BARBERTON GREENSTONE BELT / ONVERWACHT GROUP / SCHAPENBURG KOMATIITE,SCHAPENBURG GREENSTONE REMNANT,-25.95,-25.95,30.57,30.57,SUBAERIAL,,,s SC15 [5331],"KOMATIITE, BASALTIC [5331]",,,,ARCHEAN [5331],,,,,VOLCANIC ROCK,,,,,WHOLE_ROCK [5331] ,228108.28,3236.436,,31913.835300000002,,,,85347.54000000001,68825.61,118195.84,1626.3618,,498.09,8753.9126,174.5684,,,,,,,,,,,,,,,,22799.999999999996,,,,,,,,,,,,,,,,,,,,,,,,,,,,,,,1880,,,,720,,,,,,,,1,51,12,44,5,,,,,,,,,,,,,,3.17,6.62,,5.47,1.57,0.67,1.97,,2.05,,1.2,,1.06,0.16,,,,,,,,,,,,,,,,,,,,,,,,,,,,,,,,,,,,,,,161924,
[5331],ARCHEAN CRATON (INCLUDING GREENSTONE BELTS),KAAPVAAL CRATON_ARCHEAN / BARBERTON GREENSTONE BELT / ONVERWACHT GROUP / SCHAPENBURG KOMATIITE,SCHAPENBURG GREENSTONE REMNANT,-25.95,-25.95,30.57,30.57,SUBAERIAL,,,s SC16 [5331],"KOMATIITE, BASALTIC [5331]",,,,ARCHEAN [5331],,,,,VOLCANIC ROCK,,,,,WHOLE_ROCK [5331] ,227173.41000000003,3596.0399999999995,,30749.483099999998,,,,107733.78,71470,104325.92,1858.6992,,581.105,9569.9553,261.8526,,,,,,,,,,,,,,,,9100.,,,,,,,,,,,,,,,,,,,,,,,,,,,,,,,2520,,,,520,,,,,,,,0,104,12,42,5,,,,,,,,,,,,,,2.73,7.54,,5.62,1.7,0.7,2.07,,2.15,,1.21,,1.04,0.16,,,,,,,,,,,,,,,,,,,,,,,,,,,,,,,,,,,,,,,161925,
[5331],ARCHEAN CRATON (INCLUDING GREENSTONE BELTS),KAAPVAAL CRATON_ARCHEAN / BARBERTON GREENSTONE BELT / ONVERWACHT GROUP / SCHAPENBURG KOMATIITE,SCHAPENBURG GREENSTONE REMNANT,-25.95,-25.95,30.57,30.57,SUBAERIAL,,,s SC17 [5331],"KOMATIITE, BASALTIC [5331]",,,,ARCHEAN [5331],,,,,VOLCANIC ROCK,,,,,WHOLE_ROCK [5331] ,230912.89,3536.1059999999998,,31172.8839,,,,103536.36,76472.9,95280.31999999999,1781.2534,,664.12,10311.8123,174.5684,,,,,,,,,,,,,,,,8000.,,,,,,,,,,,,,,,,,,,,,,,,,,,,,,,1540,,,,440,,,,,,,,0,75,11,42,4,,,,,,,,,,,,,,,,,,,,,,,,,,,,,,,,,,,,,,,,,,,,,,,,,,,,,,,,,,,,,,,,,,161926,
[5331],ARCHEAN CRATON (INCLUDING GREENSTONE BELTS),KAAPVAAL CRATON_ARCHEAN / BARBERTON GREENSTONE BELT / ONVERWACHT GROUP / SCHAPENBURG KOMATIITE,SCHAPENBURG GREENSTONE REMNANT,-25.95,-25.95,30.57,30.57,SUBAERIAL,,,s SC18 [5331],"KOMATIITE, BASALTIC [5331]",,,,ARCHEAN [5331],,,,,VOLCANIC ROCK,,,,,WHOLE_ROCK [5331] ,225771.105,3895.71,,31596.2847,,,,109832.49,74328.8,94677.27999999998,1936.145,,581.105,11498.7835,305.4947,,,,,,,,,,,,,,,,7500.,,,,,,,,,,,,,,,,,,,,,,,,,,,,,,,2560,,,,530,,,,,,,,2,105,14,45,5,,,,,,,,,,,,,,,,,,,,,,,,,,,,,,,,,,,,,,,,,,,,,,,,,,,,,,,,,,,,,,,,,,161927,
[5331],ARCHEAN CRATON (INCLUDING GREENSTONE BELTS),KAAPVAAL CRATON_ARCHEAN / BARBERTON GREENSTONE BELT / ONVERWACHT GROUP / SCHAPENBURG KOMATIITE,SCHAPENBURG GREENSTONE REMNANT,-25.95,-25.95,30.57,30.57,SUBAERIAL,,,s SC19 [5331],"KOMATIITE, BASALTIC [5331]",,,,ARCHEAN [5331],,,,,VOLCANIC ROCK,,,,,WHOLE_ROCK [5331] ,227640.84500000003,3476.1719999999996,,33554.5134,,,,106334.64,86478.7,87440.79999999999,2091.0366,,1162.21,10385.998,261.8526,,,,,,,,,,,,,,,,7600.,,,,,,,,,,,,,,,,,,,,,,,,,,,,,,,1350,,,,370,,,,,,,,0,87,12,41,5,,,,,,,,,,,,,,,,,,,,,,,,,,,,,,,,,,,,,,,,,,,,,,,,,,,,,,,,,,,,,,,,,,161928,
[5331],ARCHEAN CRATON (INCLUDING GREENSTONE BELTS),KAAPVAAL CRATON_ARCHEAN / BARBERTON GREENSTONE BELT / ONVERWACHT GROUP / SCHAPENBURG KOMATIITE,SCHAPENBURG GREENSTONE REMNANT,-25.95,-25.95,30.57,30.57,SUBAERIAL,,,s SC20 [5331],"KOMATIITE, BASALTIC [5331]",,,,ARCHEAN [5331],,,,,VOLCANIC ROCK,,,,,WHOLE_ROCK [5331] ,224368.80000000002,3536.1059999999998,,29002.954800000003,,,,104235.93000000001,73614.1,108547.2,1781.2534,,913.165,9421.5839,218.21050000000002,,,,,,,,,,,,,,,,8400.,,,,,,,,,,,,,,,,,,,,,,,,,,,,,,,2350,,,,620,,,,,,,,5,68,10,42,5,,,,,,,,,,,,,,2.91,7.77,,5.78,1.725,0.75,2.07,,2.15,,1.24,,1.07,0.13,,,,,,,,,,,,,,,0.512358,,,,,,,,,,,,,,,,,,,,,,,,161929,
[5331],ARCHEAN CRATON (INCLUDING GREENSTONE BELTS),KAAPVAAL CRATON_ARCHEAN / BARBERTON GREENSTONE BELT / ONVERWACHT GROUP / SCHAPENBURG KOMATIITE,SCHAPENBURG GREENSTONE REMNANT,-25.95,-25.95,30.57,30.57,SUBAERIAL,,,s SC21 [5331],"KOMATIITE, BASALTIC [5331]",,,,ARCHEAN [5331],,,,,VOLCANIC ROCK,,,,,WHOLE_ROCK [5331] ,228108.28,3356.304,,28050.303,,,,95841.09,72899.4,113974.55999999998,1548.9160000000002,,581.105,9644.141,218.21050000000002,,,,,,,,,,,,,,,,11100.000000000002,,,,,,,,,,,,,,,,,,,,,,,,,,,,,,,2300,,,,710,,,,,,,,3,79,9,40,4,,,,,,,,,,,,,,2.51,6.9,,5.2,1.57,0.9,1.9,,1.98,,1.11,,1.01,0.15,,,,,,,,,,,,,,,0.512426,,,,,,,,,,,,,,,,,,,,,,,,161930,
[5331],ARCHEAN CRATON (INCLUDING GREENSTONE BELTS),KAAPVAAL CRATON_ARCHEAN / BARBERTON GREENSTONE BELT / ONVERWACHT GROUP / SCHAPENBURG KOMATIITE,SCHAPENBURG GREENSTONE REMNANT,-25.95,-25.95,30.57,30.57,SUBAERIAL,,,s SC22 [5331],"KOMATIITE, BASALTIC [5331]",,,,ARCHEAN [5331],,,,,VOLCANIC ROCK,,,,,WHOLE_ROCK [5331] ,229043.15000000002,3596.0399999999995,,31702.1349,,,,108433.34999999999,77187.6,92868.16,1781.2534,,747.135,11795.5263,261.8526,,,,,,,,,,,,,,,,6700.,,,,,,,,,,,,,,,,,,,,,,,,,,,,,,,1960,,,,410,,,,,,,,3,75,12,43,5,,,,,,,,,,,,,,,,,,,,,,,,,,,,,,,,,,,,,,,,,,,,,,,,,,,,,,,,,,,,,,,,,,161931,
[5421],ARCHEAN CRATON (INCLUDING GREENSTONE BELTS),KAAPVAAL CRATON_ARCHEAN / BARBERTON GREENSTONE BELT / ONVERWACHT GROUP / THEESPRUIT FORMATION,,-26,-26,30.5,31,SUBAERIAL,,,s B-2 [5421],ORTHOPYROXENITE [5421],,,,,,,,,PLUTONIC ROCK,,,,,WHOLE_ROCK [5421] ,,,,,,,,,,,,,,,,,,,,,,,,,,,,,,,,,,,,,,,,,,,,,,,,,,,,,,,,,,,11.2,,,3000,,,67,900,,47,0.8,,,,,1.4,,,,,,,,,,,,,,,,0.08,,4.2,0.28,,2.1,0.309,0.071,0.09,0.045,0.25,,0.21,,0.117,0.021,0.2,,,,,,,,,,,,,,,,,,,,,,,,,,,,,,,,,,,,,,161959,
[5421],ARCHEAN CRATON (INCLUDING GREENSTONE BELTS),KAAPVAAL CRATON_ARCHEAN / BARBERTON GREENSTONE BELT / ONVERWACHT GROUP / THEESPRUIT FORMATION,,-26,-26,30.5,31,SUBAERIAL,,,s B-3 [5421],ORTHOPYROXENITE [5421],,,,,,,,,PLUTONIC ROCK,,,,,WHOLE_ROCK [5421] ,,,,,,,,,,,,,,,,,,,,,,,,,,,,,,,,,,,,,,,,,,,,,,,,,,,,,,,,,,,12.5,,,3400,,,73,140,,80,1.16,,,,,1.5,,,,,,,,,,,,,,,,0.11,,0.12,0.19,,,0.03,0.013,,0.011,,,,,0.053,0.0097,0.4,,,,,,,,,,,,,,,,,,,,,,,,,,,,,,,,,,,,,,161960,
[5421],ARCHEAN CRATON (INCLUDING GREENSTONE BELTS),KAAPVAAL CRATON_ARCHEAN / BARBERTON GREENSTONE BELT / ONVERWACHT GROUP / SANDSPRUIT FORMATION,,-26,-26,30.5,31,SUBAERIAL,,,s B-4A [5421],KOMATIITE [5421],,,,,,,,,VOLCANIC ROCK,,,,,WHOLE_ROCK [5421] ,,,,,,,,,,,,,,,,,,,,,,,,,,,,,,,,,,,,,,,,,,,,,,,,,,,,,,,,,,,16.5,,,3200,,,81,1200,,90,3.6,,,,,0.61,,,,,,,,,,,,,,,,0.11,,0.22,0.65,,0.42,0.132,0.05,0.13,0.02,,0.0043,,,0.117,0.0183,0.5,,,,,,,,,,,,,,,,,,,,,,,,,,,,,,,,,,,,,,161961,
[5421],ARCHEAN CRATON (INCLUDING GREENSTONE BELTS),KAAPVAAL CRATON_ARCHEAN / BARBERTON GREENSTONE BELT / ONVERWACHT GROUP / HOOGGENOEG COMPLEX,,-25.945,-25.945,30.7283,30.7283,SUBAERIAL,,,s B-8B [5421],NOT GIVEN [5421],,,,,,,,,METAMORPHIC ROCK,,,,,WHOLE_ROCK [5421] ,,,,,,,,,,,,,,,,,,,,,,,,,,,,,,,,,,,,,,,,,,,,,,,,,,,,,,,,,,,12.3,,,2200,,,65,1400,,46,2.35,,,,,0.12,,,,,,,,,,,,,,,,0.1,,0.26,0.86,,0.61,258,93,0.36,63,0.4,0.07,0.24,,171,263,0.4,,,,,,,,,,,,,,,,,,,,,,,,,,,,,,,,,,,,,,161962,
[5400],ARCHEAN CRATON (INCLUDING GREENSTONE BELTS),KAAPVAAL CRATON_ARCHEAN / BARBERTON GREENSTONE BELT / ONVERWACHT GROUP / KOMATI FORMATION,STREAM BED IN THE TYPE AREA OF THE KOMATI FORMATION,-26,-26,30.5,31,SUBAERIAL,,,s HSS-531 [5400],KOMATIITE [5400],,,,ARCHEAN [5400],,,,SPINIFEX-TEXTURED [5400] ,VOLCANIC ROCK,,,,,WHOLE_ROCK [5400] ,223293.69950000005,2277.4919999999997,,22546.0926,2326.28,13638.3,75864.48,,52101.63,166559.648,1471.4702,1493.02,166.03,1409.5283,87.2842,,67900.,,,2200.,,,,,,,,,,300.,62000.,,,,,,,,,,,,,,,,,,,,,,,,,,,,21.9,,113,,,,121,,92,92,5,,,,,1.8,32,7.5,26.8,1.9,,,,,,,,,,,,,3.8,,,,,,,,,,,,,,,,,,,,,,,,,,,,,,,,,,,,,,,,,,,,,,,,,,,,,161963,
[5400],ARCHEAN CRATON (INCLUDING GREENSTONE BELTS),KAAPVAAL CRATON_ARCHEAN / BARBERTON GREENSTONE BELT / ONVERWACHT GROUP / KOMATI FORMATION,STREAM BED IN THE TYPE AREA OF THE KOMATI FORMATION,-26,-26,30.5,31,SUBAERIAL,,,s HSS-532 [5400],KOMATIITE [5400],,,,ARCHEAN [5400],,,,SPINIFEX-TEXTURED [5400] ,VOLCANIC ROCK,,,,,WHOLE_ROCK [5400] ,223059.98200000002,2277.4919999999997,,22493.1675,2326.28,13148.72,73221.66,,51529.87,169695.456,1471.4702,1493.02,166.03,1483.714,87.2842,,70100.,,,2000.,,,,,,,,,,400.,62600.,,,,,,,,,,,,,,,,,,,,,,,,,,,,21.9,,112,,,,125,,62,81,5,,,,,1.7,29,7,26.8,1.7,,,,,,,,,,,,,5.3,,,,,,,,,,,,,,,,,,,,,,,,,,,,,,,,,,,,,,,,,,,,,,,,,,,,,161964,
[5400],ARCHEAN CRATON (INCLUDING GREENSTONE BELTS),KAAPVAAL CRATON_ARCHEAN / BARBERTON GREENSTONE BELT / ONVERWACHT GROUP / KOMATI FORMATION,STREAM BED IN THE TYPE AREA OF THE KOMATI FORMATION,-26,-26,30.5,31,SUBAERIAL,,,s HSS-533 [5400],KOMATIITE [5400],,,,ARCHEAN [5400],,,,SPINIFEX-TEXTURED [5400] ,VOLCANIC ROCK,,,,,WHOLE_ROCK [5400] ,224275.313,2397.36,,22863.643200000002,2531.54,13918.06,77341.34999999999,,62321.840000000004,154679.75999999998,1471.4702,1178.7,249.045,1557.8997,87.2842,,62900.,,,3600.,,,,,,,,,,300.,51200.,,,,,,,,,,,,,,,,,,,,,,,,,,,,23.8,,119,,,,108,,123,77,5.5,,,,,1.2,33,9.3,29.7,2.4,,,,,,,,,,,,,4.8,,,,,,,,,,,,,,,,,,,,,,,,,,,,,,,,,,,,,,,,,,,,,,,,,,,,,161965,
[5400],ARCHEAN CRATON (INCLUDING GREENSTONE BELTS),KAAPVAAL CRATON_ARCHEAN / BARBERTON GREENSTONE BELT / ONVERWACHT GROUP / KOMATI FORMATION,STREAM BED IN THE TYPE AREA OF THE KOMATI FORMATION,-26,-26,30.5,31,SUBAERIAL,,,s HSS-534 [5400],KOMATIITE [5400],,,,ARCHEAN [5400],,,,CUMULATE-TEXTURED [5400] ,VOLCANIC ROCK,,,,,WHOLE_ROCK [5400] ,221470.70300000004,2097.6899999999996,,20164.4631,2189.44,12169.56,67625.09999999999,,44597.28,186158.448,1471.4702,1728.76,249.045,741.857,87.2842,,85900.,,,2900.,,,,,,,,,,300.,76900.,,,,,,,,,,,,,,,,,,,,,,,,,,,,19.5,,105,,,,113,,73,74,4.9,,,,,1.1,25,4.8,22.8,1.3,,,,,,,,,,,,,36,,,,,,,,,,,,,,,,,,,,,,,,,,,,,,,,,,,,,,,,,,,,,,,,,,,,,161966,
[5400],ARCHEAN CRATON (INCLUDING GREENSTONE BELTS),KAAPVAAL CRATON_ARCHEAN / BARBERTON GREENSTONE BELT / ONVERWACHT GROUP / KOMATI FORMATION,STREAM BED IN THE TYPE AREA OF THE KOMATI FORMATION,-26,-26,30.5,31,SUBAERIAL,,,s HSS-536 [5400],KOMATIITE [5400],,,,ARCHEAN [5400],,,,CUMULATE-TEXTURED [5400] ,VOLCANIC ROCK,,,,,WHOLE_ROCK [5400] ,218479.11900000004,1798.0199999999998,,17412.357900000003,2394.7,12868.960000000001,71589.33,,43310.82,191043.072,1394.0244,1807.3400000000001,83.015,519.2999,43.6421,,88600.,,,2800.0000000000005,,,,,,,,,,200.,80300.,,,,,,,,,,,,,,,,,,,,,,,,,,,,20.1,,90,,,,124,,82,81,4.3,,,,,0.9,28,4.9,19.2,1.6,,,,,,,,,,,,,55,,,,,,,,,,,,,,,,,,,,,,,,,,,,,,,,,,,,,,,,,,,,,,,,,,,,,161968,
[5400],ARCHEAN CRATON (INCLUDING GREENSTONE BELTS),KAAPVAAL CRATON_ARCHEAN / BARBERTON GREENSTONE BELT / ONVERWACHT GROUP / KOMATI FORMATION,STREAM BED IN THE TYPE AREA OF THE KOMATI FORMATION,-26,-26,30.5,31,SUBAERIAL,,,s HSS-530 [5400],NOT GIVEN [5400],,,,ARCHEAN [5400],,,,,VOLCANIC ROCK,,,,,WHOLE_ROCK [5400] ,219974.91100000002,2157.624,,20958.3396,2463.12,13918.06,77185.89,,50100.47,173132.78399999999,1471.4702,1807.3400000000001,166.03,890.2284,87.2842,,76600.,,,2500.,,,,,,,,,,500.,70700.,,,,,,,,,,,,,,,,,,,,,,,,,,,,20.7,,106,,,,126,,45,87,5,,,,,0.9,25,8.2,25.9,2.3,,,,,,,,,,,,,8.1,,,,,,,,,,,,,,,,,,,,,,,,,,,,,,,,,,,,,,,,,,,,,,,,,,,,,161969,
[5952],ARCHEAN CRATON (INCLUDING GREENSTONE BELTS),KAAPVAAL CRATON_ARCHEAN / BARBERTON GREENSTONE BELT / ONVERWACHT GROUP / KOMATI FORMATION,"KOMATI TYPE SECTION, EAST OF SPINIFEX STREAM, BARBERTON MOUNTAIN LAND, EASTERN TRANSVAAL",-25.77,-25.77,31,31,SUBAERIAL,,,s B96-13 [5952],KOMATIITE [5952],,,,ARCHEAN [5952],,,,OLIVINE SPINIFEX-TEXTURED [5952] ,VOLCANIC ROCK,,,,,WHOLE_ROCK [5952] ,235587.24000000002,2457.294,,17994.534,,,,87834.90000000001,67967.97,146538.72,1703.8076,,166.03,296.7428,174.5684,,,,,,,,,,,,,,,,,,,,,,,,,,,,,,,,,,,,,,,,,,,,22.6,2440,145,5441,,,0.04,1067,106,49,,,,,,0.52,56.6,10.6,36.6,2.01,,,,,,,,,,,,0.13,93.5,2.01,5.81,0.92,4.53,1.36,0.57,1.72,0.28,1.76,0.37,1.05,0.16,0.97,0.15,0.94,0.14,,,,,,,,,0.55,,0.24,0.05,,,,,,,,,,,,,,,,,,,,,,,,,161983,
[6667],ARCHEAN CRATON (INCLUDING GREENSTONE BELTS),KAAPVAAL CRATON_ARCHEAN / BARBERTON GREENSTONE BELT / ONVERWACHT GROUP / KOMATI FORMATION,BANK OF SPINIFEX CREEK,-25.989,-25.989,30.8585,30.8585,SUBAERIAL,,,s SC3 [6667],KOMATIITE [6667],,,,ARCHEAN [6667],,,,MASSIVE [6667] ,VOLCANIC ROCK,,,,,WHOLE_ROCK [6667] ,213991.74300000002,1857.954,,17835.758700000002,,,,87446.25,35592.060000000005,197917.728,1626.3618,,0.,0.,87.2842,,,,,,,,,,,,,,,,84100.,,,,,,,,,,,,,,,,,,,,,,,,147,,,,19,,105,2426,,,122,1891,25,74,,,,,,4,17,4,29,3,,0.005,0.00064,0.0042,,,,,,,,,,,,,,,,,,,,,,,,,,,0,0.00045,0.00127,0.006,0.00096,,,,,,,,,,,,,,,,,,,,,,,,,,,,,,,162063,
[6667],ARCHEAN CRATON (INCLUDING GREENSTONE BELTS),KAAPVAAL CRATON_ARCHEAN / BARBERTON GREENSTONE BELT / ONVERWACHT GROUP / KOMATI FORMATION,BANK OF SPINIFEX CREEK,-25.989,-25.989,30.8585,30.8585,SUBAERIAL,,,s SC5 [6667],KOMATIITE [6667],,,,ARCHEAN [6667],,,,MASSIVE [6667] ,VOLCANIC ROCK,,,,,WHOLE_ROCK [6667] ,209925.0585,1138.7459999999999,,10426.244700000001,,,,73610.31000000001,17796.030000000002,239889.312,1161.687,,0.,0.,0.,,,,,,,,,,,,,,,,93400.,,,,,,,,,,,,,,,,,,,,,,,,540,,,,13,,74,1993,,,116,3029,0,49,,,,,,0,0,12,30,0,,0.001,0.00039,0.0039,,,,,,,,,,,,,,,,,,,,,,,,,,,0,0.0009,0.001,0.0017,0.0004,,,,,,,,,,,,,,,,,,,,,,,,,,,,,,,162064,
[6667],ARCHEAN CRATON (INCLUDING GREENSTONE BELTS),KAAPVAAL CRATON_ARCHEAN / BARBERTON GREENSTONE BELT / ONVERWACHT GROUP / KOMATI FORMATION,BANK OF SPINIFEX CREEK,-25.989,-25.989,30.8585,30.8585,SUBAERIAL,,,s SC6 [6667],KOMATIITE [6667],,,,ARCHEAN [6667],,,,FINE RANDOM SPINIFEX-TEXTURED [6667] ,VOLCANIC ROCK,,,,,WHOLE_ROCK [6667] ,221236.9855,2037.756,,19476.436800000003,,,,85347.54000000001,50743.7,173012.176,1471.4702,,166.03,3189.9851,87.2842,,,,,,,,,,,,,,,,65900.,,,,,,,,,,,,,,,,,,,,,,,,230,,,,17,,117,2224,,,110,1570,103,56,,,,,,7,34,7,32,4,,0,0.00055,0.0031,,,,,,,,,,,,,,,,,,,,,,,,,,,0,0.00085,0.00105,0.0053,0.00085,,,,,,,,,,,,,,,,,,,,,,,,,,,,,,,162065,
[6667],ARCHEAN CRATON (INCLUDING GREENSTONE BELTS),KAAPVAAL CRATON_ARCHEAN / BARBERTON GREENSTONE BELT / ONVERWACHT GROUP / KOMATI FORMATION,BANK OF SPINIFEX CREEK,-25.989,-25.989,30.8585,30.8585,SUBAERIAL,,,s SC7 [6667],KOMATIITE [6667],,,,ARCHEAN [6667],,,,COARSE ORIENTED SPINIFEX-TEXTURED [6667] ,VOLCANIC ROCK,,,,,WHOLE_ROCK [6667] ,222078.3685,2637.096,,23022.4185,,,,95685.63,69683.25,144850.20799999998,1626.3618,,0.,0.,130.9263,,,,,,,,,,,,,,,,42800.,,,,,,,,,,,,,,,,,,,,,,,,212,,,,21,,130,2754,,,90,889,60,51,,,,,,8,31,13,43,15,,0.003,0.00046,0.0041,,,,,,,,,,,,,,,,,,,,,,,,,,,0.19,0.00073,0.00114,0.0043,0.00124,,,,,,,,,,,,,,,,,,,,,,,,,,,,,,,162066,
[6667],ARCHEAN CRATON (INCLUDING GREENSTONE BELTS),KAAPVAAL CRATON_ARCHEAN / BARBERTON GREENSTONE BELT / ONVERWACHT GROUP / KOMATI FORMATION,BANK OF SPINIFEX CREEK,-25.989,-25.989,30.8585,30.8585,SUBAERIAL,,,s SC8 [6667],KOMATIITE [6667],,,,ARCHEAN [6667],,,,MEDIUM RANDOM ORIENTED SPINIFEX-TEXTURED [6667] ,VOLCANIC ROCK,,,,,WHOLE_ROCK [6667] ,223433.93,2277.4919999999997,,20905.414500000003,,,,86979.87,57962.17,163423.84,1471.4702,,0.,0.,87.2842,,,,,,,,,,,,,,,,55900.,,,,,,,,,,,,,,,,,,,,,,,,308,,,,18,,117,2461,,,109,2212,92,70,,,,,,0,0,4,0,0,,0,0.0007,0.0027,,,,,,,,,,,,,,,,,,,,,,,,,,,0.17,0.00159,0.00121,0.0035,0.00138,,,,,,,,,,,,,,,,,,,,,,,,,,,,,,,162067,
[6667],ARCHEAN CRATON (INCLUDING GREENSTONE BELTS),KAAPVAAL CRATON_ARCHEAN / BARBERTON GREENSTONE BELT / ONVERWACHT GROUP / KOMATI FORMATION,BANK OF SPINIFEX CREEK,-25.989,-25.989,30.8585,30.8585,SUBAERIAL,,,s SC9 [6667],KOMATIITE [6667],,,,ARCHEAN [6667],,,,FLOW-TOP BRECCIA [6667] ,VOLCANIC ROCK,,,,,WHOLE_ROCK [6667] ,226705.975,2277.4919999999997,,20111.538,,,,88689.93000000001,74400.27,144729.59999999998,1548.9160000000002,,0.,0.,130.9263,,,,,,,,,,,,,,,,43200.,,,,,,,,,,,,,,,,,,,,,,,,221,,,,15,,116,2637,,,102,2049,63,66,,,,,,9,44,16,42,0,,0.001,0.00072,0.0033,,,,,,,,,,,,,,,,,,,,,,,,,,,0.18,0.00084,0.00124,0.0048,0.00149,,,,,,,,,,,,,,,,,,,,,,,,,,,,,,,162068,
[6667],ARCHEAN CRATON (INCLUDING GREENSTONE BELTS),KAAPVAAL CRATON_ARCHEAN / BARBERTON GREENSTONE BELT / ONVERWACHT GROUP / KOMATI FORMATION,BANK OF SPINIFEX CREEK,-25.989,-25.989,30.8585,30.8585,SUBAERIAL,,,s SC10 [6667],KOMATIITE [6667],,,,ARCHEAN [6667],,,,MASSIVE [6667] ,VOLCANIC ROCK,,,,,WHOLE_ROCK [6667] ,217777.96650000004,1917.888,,17941.608900000003,,,,88767.66,44096.99,184711.15199999997,1548.9160000000002,,0.,0.,87.2842,,,,,,,,,,,,,,,,74200.,,,,,,,,,,,,,,,,,,,,,,,,347,,,,15,,110,2510,,,114,1922,63,25,,,,,,0,0,4,0,0,,0.001,0.00076,0.0054,,,,,,,,,,,,,,,,,,,,,,,,,,,0.16,0.00109,0.00117,0.0056,0.00065,,,,,,,,,,,,,,,,,,,,,,,,,,,,,,,162069,
[6667],ARCHEAN CRATON (INCLUDING GREENSTONE BELTS),KAAPVAAL CRATON_ARCHEAN / BARBERTON GREENSTONE BELT / ONVERWACHT GROUP / KOMATI FORMATION,BANK OF SPINIFEX CREEK,-25.989,-25.989,30.8585,30.8585,SUBAERIAL,,,s SC11 [6667],KOMATIITE [6667],,,,ARCHEAN [6667],,,,FINE RANDOM SPINIFEX-TEXTURED [6667] ,VOLCANIC ROCK,,,,,WHOLE_ROCK [6667] ,217590.9925,2277.4919999999997,,21805.141200000002,,,,92576.43000000001,50743.7,171142.75199999998,1471.4702,,0.,0.,130.9263,,,,,,,,,,,,,,,,63500.,,,,,,,,,,,,,,,,,,,,,,,,180,,,,19,,134,2798,,,113,1165,31,45,,,,,,15,33,15,58,14,,0,0.00043,0.0025,,,,,,,,,,,,,,,,,,,,,,,,,,,0,0.00086,0.00128,0.0035,0.00057,,,,,,,,,,,,,,,,,,,,,,,,,,,,,,,162070,
[6667],ARCHEAN CRATON (INCLUDING GREENSTONE BELTS),KAAPVAAL CRATON_ARCHEAN / BARBERTON GREENSTONE BELT / ONVERWACHT GROUP / KOMATI FORMATION,BANK OF SPINIFEX CREEK,-25.989,-25.989,30.8585,30.8585,SUBAERIAL,,,s SC12 [6667],KOMATIITE [6667],,,,ARCHEAN [6667],,,,MASSIVE [6667] ,VOLCANIC ROCK,,,,,WHOLE_ROCK [6667] ,216889.84,1558.2839999999999,,14819.028,,,,80994.66,29445.64,206963.32799999998,1316.5786,,166.03,2299.7567,87.2842,,,,,,,,,,,,,,,,89500.,,,,,,,,,,,,,,,,,,,,,,,,204,,,,16,,101,2302,,,123,3897,32,58,,,,,,10,24,6,22,12,,0.002,0.00044,0,,,,,,,,,,,,,,,,,,,,,,,,,,,0,0.00102,0.00118,0.0032,0.00115,,,,,,,,,,,,,,,,,,,,,,,,,,,,,,,162071,
[6667],ARCHEAN CRATON (INCLUDING GREENSTONE BELTS),KAAPVAAL CRATON_ARCHEAN / BARBERTON GREENSTONE BELT / ONVERWACHT GROUP / KOMATI FORMATION,BANK OF SPINIFEX CREEK,-25.989,-25.989,30.8585,30.8585,SUBAERIAL,,,s SC13 [6667],KOMATIITE [6667],,,,ARCHEAN [6667],,,,COARSE ORIENTED SPINIFEX-TEXTURED [6667] ,VOLCANIC ROCK,,,,,WHOLE_ROCK [6667] ,219787.93700000003,2397.36,,22704.8679,,,,95141.52,58319.520000000004,158599.52,1471.4702,,0.,0.,130.9263,,,,,,,,,,,,,,,,56000.,,,,,,,,,,,,,,,,,,,,,,,,215,,,,20,,138,2825,,,108,1250,114,19,,,,,,0,27,4,0,0,,0.002,0.00079,0.0059,,,,,,,,,,,,,,,,,,,,,,,,,,,0,0.00106,0.00125,0,0.00197,,,,,,,,,,,,,,,,,,,,,,,,,,,,,,,162072,
[6667],ARCHEAN CRATON (INCLUDING GREENSTONE BELTS),KAAPVAAL CRATON_ARCHEAN / BARBERTON GREENSTONE BELT / ONVERWACHT GROUP / KOMATI FORMATION,BANK OF SPINIFEX CREEK,-25.989,-25.989,30.8585,30.8585,SUBAERIAL,,,s SC14 [6667],KOMATIITE [6667],,,,ARCHEAN [6667],,,,FINE RANDOM SPINIFEX-TEXTURED [6667] ,VOLCANIC ROCK,,,,,WHOLE_ROCK [6667] ,220909.78100000002,2097.6899999999996,,20270.3133,,,,89311.77,48456.66,173494.60799999998,1548.9160000000002,,0.,0.,130.9263,,,,,,,,,,,,,,,,64100.,,,,,,,,,,,,,,,,,,,,,,,,211,,,,19,,124,2516,,,114,1450,22,61,,,,,,6,26,4,20,7,,0.003,0.00051,0.0056,,,,,,,,,,,,,,,,,,,,,,,,,,,0.13,0.00117,0.00137,0.0043,0.00055,,,,,,,,,,,,,,,,,,,,,,,,,,,,,,,162073,
[6667],ARCHEAN CRATON (INCLUDING GREENSTONE BELTS),KAAPVAAL CRATON_ARCHEAN / BARBERTON GREENSTONE BELT / ONVERWACHT GROUP / KOMATI FORMATION,BANK OF SPINIFEX CREEK,-25.989,-25.989,30.8585,30.8585,SUBAERIAL,,,s SC15 [6667],KOMATIITE [6667],,,,ARCHEAN [6667],,,,FLOW-TOP BRECCIA [6667] ,VOLCANIC ROCK,,,,,WHOLE_ROCK [6667] ,221236.9855,2876.832,,25456.9731,,,,98950.29000000001,64966.229999999996,143825.04,2091.0366,,0.,0.,130.9263,,,,,,,,,,,,,,,,47800.,,,,,,,,,,,,,,,,,,,,,,,,44,,,,21,,142,2941,,,102,938,48,68,,,,,,3,22,10,41,0,,0,0.00045,0.0048,,,,,,,,,,,,,,,,,,,,,,,,,,,0,0.00085,0.00126,0.0044,0.0005,,,,,,,,,,,,,,,,,,,,,,,,,,,,,,,162074,
[6667],ARCHEAN CRATON (INCLUDING GREENSTONE BELTS),KAAPVAAL CRATON_ARCHEAN / BARBERTON GREENSTONE BELT / ONVERWACHT GROUP / KOMATI FORMATION,BANK OF SPINIFEX CREEK,-25.989,-25.989,30.8585,30.8585,SUBAERIAL,,,s SC16 [6667],KOMATIITE [6667],,,,ARCHEAN [6667],,,,MASSIVE [6667] ,VOLCANIC ROCK,,,,,WHOLE_ROCK [6667] ,220722.807,2037.756,,18682.5603,,,,86591.22,44382.87,180851.69599999997,1394.0244,,166.03,816.0427,87.2842,,,,,,,,,,,,,,,,71200.,,,,,,,,,,,,,,,,,,,,,,,,196,,,,18,,115,2374,,,112,1564,43,53,,,,,,5,35,9,31,0,,0.001,0.00043,0.0042,,,,,,,,,,,,,,,,,,,,,,,,,,,0,0.00087,0.00129,0,0.02211,,,,,,,,,,,,,,,,,,,,,,,,,,,,,,,162075,
[6667],ARCHEAN CRATON (INCLUDING GREENSTONE BELTS),KAAPVAAL CRATON_ARCHEAN / BARBERTON GREENSTONE BELT / ONVERWACHT GROUP / KOMATI FORMATION,BANK OF SPINIFEX CREEK,-25.989,-25.989,30.8585,30.8585,SUBAERIAL,,,s SC17 [6667],KOMATIITE [6667],,,,ARCHEAN [6667],,,,COARSE ORIENTED SPINIFEX-TEXTURED [6667] ,VOLCANIC ROCK,,,,,WHOLE_ROCK [6667] ,221891.39450000002,2577.162,,23657.5197,,,,96385.2,67181.8,142920.47999999998,1703.8076,,166.03,3560.9136,130.9263,,,,,,,,,,,,,,,,41300.,,,,,,,,,,,,,,,,,,,,,,,,127,,,,18,,134,2827,,,106,1049,100,62,,,,,,6,41,11,38,5,,0,0.00069,0.004,,,,,,,,,,,,,,,,,,,,,,,,,,,0,0.00106,0.00129,0,0.00073,,,,,,,,,,,,,,,,,,,,,,,,,,,,,,,162076,
[6667],ARCHEAN CRATON (INCLUDING GREENSTONE BELTS),KAAPVAAL CRATON_ARCHEAN / BARBERTON GREENSTONE BELT / ONVERWACHT GROUP / KOMATI FORMATION,BANK OF SPINIFEX CREEK,-25.989,-25.989,30.8585,30.8585,SUBAERIAL,,,s SC18 [6667],KOMATIITE [6667],,,,ARCHEAN [6667],,,,MEDIUM RANDOM ORIENTED SPINIFEX-TEXTURED [6667] ,VOLCANIC ROCK,,,,,WHOLE_ROCK [6667] ,223480.67350000003,2517.2279999999996,,24398.471100000002,,,,95996.55,64108.590000000004,145995.984,1781.2534,,0.,0.,130.9263,,,,,,,,,,,,,,,,45199.99999999999,,,,,,,,,,,,,,,,,,,,,,,,179,,,,18,,135,2833,,,109,1132,78,72,,,,,,6,43,8,37,3,,0.003,0.00057,0.0061,,,,,,,,,,,,,,,,,,,,,,,,,,,0,0.00115,0.00131,0.0028,0.00043,,,,,,,,,,,,,,,,,,,,,,,,,,,,,,,162077,
[6667],ARCHEAN CRATON (INCLUDING GREENSTONE BELTS),KAAPVAAL CRATON_ARCHEAN / BARBERTON GREENSTONE BELT / ONVERWACHT GROUP / KOMATI FORMATION,BANK OF SPINIFEX CREEK,-25.989,-25.989,30.8585,30.8585,SUBAERIAL,,,s SC19 [6667],KOMATIITE [6667],,,,ARCHEAN [6667],,,,FLOW-TOP BRECCIA [6667] ,VOLCANIC ROCK,,,,,WHOLE_ROCK [6667] ,218853.067,1977.822,,19211.8113,,,,89078.58,46955.79,179163.184,1316.5786,,0.,0.,87.2842,,,,,,,,,,,,,,,,69200.,,,,,,,,,,,,,,,,,,,,,,,,298,,,,18,,114,2647,,,114,1538,21,74,,,,,,3,41,13,35,3,,0.002,0.00064,0.0016,,,,,,,,,,,,,,,,,,,,,,,,,,,0.13,0.00097,0.00132,0,0.00064,,,,,,,,,,,,,,,,,,,,,,,,,,,,,,,162078,
[6667],ARCHEAN CRATON (INCLUDING GREENSTONE BELTS),KAAPVAAL CRATON_ARCHEAN / BARBERTON GREENSTONE BELT / ONVERWACHT GROUP / KOMATI FORMATION,BANK OF SPINIFEX CREEK,-25.989,-25.989,30.8585,30.8585,SUBAERIAL,,,s SC20 [6667],KOMATIITE [6667],,,,ARCHEAN [6667],,,,MASSIVE [6667] ,VOLCANIC ROCK,,,,,WHOLE_ROCK [6667] ,218058.42750000002,1618.218,,15877.53,,,,82160.61,29802.989999999998,204852.688,1239.1328,,0.,0.,87.2842,,,,,,,,,,,,,,,,89500.,,,,,,,,,,,,,,,,,,,,,,,,246,,,,18,,107,2304,,,118,1842,10,54,,,,,,3,36,9,29,0,,0.002,0.00033,0.0034,,,,,,,,,,,,,,,,,,,,,,,,,,,0,0.00099,0.00112,0,0.0007,,,,,,,,,,,,,,,,,,,,,,,,,,,,,,,162079,
[6667],ARCHEAN CRATON (INCLUDING GREENSTONE BELTS),KAAPVAAL CRATON_ARCHEAN / BARBERTON GREENSTONE BELT / ONVERWACHT GROUP / KOMATI FORMATION,BANK OF SPINIFEX CREEK,-25.989,-25.989,30.8585,30.8585,SUBAERIAL,,,s SC21 [6667],KOMATIITE [6667],,,,ARCHEAN [6667],,,,COARSE ORIENTED SPINIFEX-TEXTURED [6667] ,VOLCANIC ROCK,,,,,WHOLE_ROCK [6667] ,235260.0355,2457.294,,24186.7707,,,,90166.8,72399.11,128929.95199999999,1548.9160000000002,,166.03,296.7428,130.9263,,,,,,,,,,,,,,,,36900.,,,,,,,,,,,,,,,,,,,,,,,,57,,,,16,,140,2986,,,114,1293,61,84,,,,,,6,81,14,38,0,,0,0.00051,0,,,,,,,,,,,,,,,,,,,,,,,,,,,0,0.002,0.0014,0.0039,0.00052,,,,,,,,,,,,,,,,,,,,,,,,,,,,,,,162080,
[6667],ARCHEAN CRATON (INCLUDING GREENSTONE BELTS),KAAPVAAL CRATON_ARCHEAN / BARBERTON GREENSTONE BELT / ONVERWACHT GROUP / KOMATI FORMATION,BANK OF SPINIFEX CREEK,-25.989,-25.989,30.8585,30.8585,SUBAERIAL,,,s SC11 [6667],KOMATIITE [6667],,,,ARCHEAN [6667],,,,FINE RANDOM SPINIFEX-TEXTURED [6667] ,VOLCANIC ROCK,,,,,WHOLE_ROCK [6667] ,,,,,,,,,,,,,,,,,,,,,,,,,,,,,,,,,,,,,,,,,,,,,,,,,,,,,,,,,,,,,,,,,,,,,,,,,,,,,,,,0.00278,0.00072,0.00484,,,,,,,,,,,,,,,,,,,,,,,,,,,,0.00116,0.0013,0.00438,0,,,,,,,,,,,,,,,,,,,,,,,,,,,,,,,162081,
[6667],ARCHEAN CRATON (INCLUDING GREENSTONE BELTS),KAAPVAAL CRATON_ARCHEAN / BARBERTON GREENSTONE BELT / ONVERWACHT GROUP / KOMATI FORMATION,BANK OF SPINIFEX CREEK,-25.989,-25.989,30.8585,30.8585,SUBAERIAL,,,s SC18 [6667],KOMATIITE [6667],,,,ARCHEAN [6667],,,,MEDIUM RANDOM ORIENTED SPINIFEX-TEXTURED [6667] ,VOLCANIC ROCK,,,,,WHOLE_ROCK [6667] ,,,,,,,,,,,,,,,,,,,,,,,,,,,,,,,,,,,,,,,,,,,,,,,,,,,,,,,,,,,,,,,,,,,,,,,,,,,,,,,,0.00297,0.0007,0.00518,,,,,,,,,,,,,,,,,,,,,,,,,,,,0.00128,0.00131,0.0045,0.00106,,,,,,,,,,,,,,,,,,,,,,,,,,,,,,,162082,
[6667],ARCHEAN CRATON (INCLUDING GREENSTONE BELTS),KAAPVAAL CRATON_ARCHEAN / BARBERTON GREENSTONE BELT / ONVERWACHT GROUP / KOMATI FORMATION,BANK OF SPINIFEX CREEK,-25.989,-25.989,30.8585,30.8585,SUBAERIAL,,,s SC20 [6667],KOMATIITE [6667],,,,ARCHEAN [6667],,,,MASSIVE [6667] ,VOLCANIC ROCK,,,,,WHOLE_ROCK [6667] ,,,,,,,,,,,,,,,,,,,,,,,,,,,,,,,,,,,,,,,,,,,,,,,,,,,,,,,,,,,,,,,,,,,,,,,,,,,,,,,,0.00223,0.00048,0.00344,,,,,,,,,,,,,,,,,,,,,,,,,,,,0.00109,0.00114,0.00281,0.00053,,,,,,,,,,,,,,,,,,,,,,,,,,,,,,,162083,
[6667],ARCHEAN CRATON (INCLUDING GREENSTONE BELTS),KAAPVAAL CRATON_ARCHEAN / WITWATERSRAND BASIN / VENTERSDORP SUPERGROUP,"WESTONARIA BOREHOLE, EVANDER GOLDFIELD",-26.45,-26.45,29.12,29.12,SUBAERIAL,,,s R501 [6667],KOMATIITE [6667],,,,ARCHEAN [6667],,,,,VOLCANIC ROCK,,,,,WHOLE_ROCK [6667] ,,,,,,,,,,126578.09599999998,,,,,,,,,,,,,,,,,,,,,,,,,,,,,,,,,,,,,,,,,,,,,140,,,,,,,,,,,1573,72,,,,,,,,,,,,,0.001,0.00043,0.0043,,,,,,,,,,,,,,,,,,,,,,,,,,,,0.00161,0.00143,,0.00278,,,,,,,,,,,,,,,,,,,,,,,,,,,,,,,162094,
[6667],ARCHEAN CRATON (INCLUDING GREENSTONE BELTS),KAAPVAAL CRATON_ARCHEAN / WITWATERSRAND BASIN / VENTERSDORP SUPERGROUP,"WESTONARIA BOREHOLE, EVANDER GOLDFIELD",-26.45,-26.45,29.12,29.12,SUBAERIAL,,,s R503 [6667],KOMATIITE [6667],,,,ARCHEAN [6667],,,,,VOLCANIC ROCK,,,,,WHOLE_ROCK [6667] ,,,,,,,,,,135382.47999999998,,,,,,,,,,,,,,,,,,,,,,,,,,,,,,,,,,,,,,,,,,,,,250,,,,,,,,,,,1751,62,,,,,,,,,,,,,0,0.00032,0.0032,,,,,,,,,,,,,,,,,,,,,,,,,,,,0.00212,0.00158,,0.00108,,,,,,,,,,,,,,,,,,,,,,,,,,,,,,,162095,
[6667],ARCHEAN CRATON (INCLUDING GREENSTONE BELTS),KAAPVAAL CRATON_ARCHEAN / WITWATERSRAND BASIN / VENTERSDORP SUPERGROUP,"WESTONARIA BOREHOLE, EVANDER GOLDFIELD",-26.45,-26.45,29.12,29.12,SUBAERIAL,,,s R507 [6667],KOMATIITE [6667],,,,ARCHEAN [6667],,,,,VOLCANIC ROCK,,,,,WHOLE_ROCK [6667] ,,,,,,,,,,135020.656,,,,,,,,,,,,,,,,,,,,,,,,,,,,,,,,,,,,,,,,,,,,,210,,,,,,,,,,,1281,105,,,,,,,,,,,,,0,0.00053,0.0053,,,,,,,,,,,,,,,,,,,,,,,,,,,,0.00085,0.00106,,0.00225,,,,,,,,,,,,,,,,,,,,,,,,,,,,,,,162096,
[6667],ARCHEAN CRATON (INCLUDING GREENSTONE BELTS),KAAPVAAL CRATON_ARCHEAN / WITWATERSRAND BASIN / VENTERSDORP SUPERGROUP,"WESTONARIA BOREHOLE, EVANDER GOLDFIELD",-26.45,-26.45,29.12,29.12,SUBAERIAL,,,s R508 [6667],KOMATIITE [6667],,,,ARCHEAN [6667],,,,,VOLCANIC ROCK,,,,,WHOLE_ROCK [6667] ,,,,,,,,,,142498.35199999998,,,,,,,,,,,,,,,,,,,,,,,,,,,,,,,,,,,,,,,,,,,,,280,,,,,,,,,,,1353,131,,,,,,,,,,,,,0,0.00042,0.0042,,,,,,,,,,,,,,,,,,,,,,,,,,,,0.00084,0.00103,,0.0068,,,,,,,,,,,,,,,,,,,,,,,,,,,,,,,162097,
[6667],ARCHEAN CRATON (INCLUDING GREENSTONE BELTS),KAAPVAAL CRATON_ARCHEAN / WITWATERSRAND BASIN / VENTERSDORP SUPERGROUP,"WESTONARIA BOREHOLE, EVANDER GOLDFIELD",-26.45,-26.45,29.12,29.12,SUBAERIAL,,,s R509 [6667],KOMATIITE [6667],,,,ARCHEAN [6667],,,,,VOLCANIC ROCK,,,,,WHOLE_ROCK [6667] ,,,,,,,,,,148649.36,,,,,,,,,,,,,,,,,,,,,,,,,,,,,,,,,,,,,,,,,,,,,250,,,,,,,,,,,1671,114,,,,,,,,,,,,,0.004,0.00032,0.0032,,,,,,,,,,,,,,,,,,,,,,,,,,,,0.00085,0.00126,,0.00223,,,,,,,,,,,,,,,,,,,,,,,,,,,,,,,162098,
[6667],ARCHEAN CRATON (INCLUDING GREENSTONE BELTS),KAAPVAAL CRATON_ARCHEAN / WITWATERSRAND BASIN / VENTERSDORP SUPERGROUP,"WESTONARIA BOREHOLE, EVANDER GOLDFIELD",-26.45,-26.45,29.12,29.12,SUBAERIAL,,,s R511 [6667],KOMATIITE [6667],,,,ARCHEAN [6667],,,,,VOLCANIC ROCK,,,,,WHOLE_ROCK [6667] ,,,,,,,,,,137734.33599999998,,,,,,,,,,,,,,,,,,,,,,,,,,,,,,,,,,,,,,,,,,,,,200,,,,,,,,,,,1429,117,,,,,,,,,,,,,0,0.00042,0.0021,,,,,,,,,,,,,,,,,,,,,,,,,,,,0.00138,0.00102,,0.00408,,,,,,,,,,,,,,,,,,,,,,,,,,,,,,,162099,
[6667],ARCHEAN CRATON (INCLUDING GREENSTONE BELTS),KAAPVAAL CRATON_ARCHEAN / JOHANNESBURG DOME / ROODEKRANS COMPLEX,,-26.1,-26.1,27.85,27.85,SUBAERIAL,,,s RO10 [6667],KOMATIITE [6667],,,,ARCHEAN [6667],,,,,VOLCANIC ROCK,,,,,WHOLE_ROCK [6667] ,,,,,,,,,,180731.088,,,,,,,,,,,,,,,,,,,,,,,,,,,,,,,,,,,,,,,,,,,,,143,,,,,,,,,,,1649,43,,,,,,,,,,,,,0,0.00085,0,,,,,,,,,,,,,,,,,,,,,,,,,,,,0,0.00068,0,0.00067,,,,,,,,,,,,,,,,,,,,,,,,,,,,,,,162100,
[6667],ARCHEAN CRATON (INCLUDING GREENSTONE BELTS),KAAPVAAL CRATON_ARCHEAN / JOHANNESBURG DOME / ROODEKRANS COMPLEX,,-26.1,-26.1,27.85,27.85,SUBAERIAL,,,s RO12 [6667],KOMATIITE [6667],,,,ARCHEAN [6667],,,,,VOLCANIC ROCK,,,,,WHOLE_ROCK [6667] ,,,,,,,,,,142076.224,,,,,,,,,,,,,,,,,,,,,,,,,,,,,,,,,,,,,,,,,,,,,160,,,,,,,,,,,2175,13,,,,,,,,,,,,,0,0.00083,0.0031,,,,,,,,,,,,,,,,,,,,,,,,,,,,0,0.00089,0,0.00047,,,,,,,,,,,,,,,,,,,,,,,,,,,,,,,162101,
[6667],ARCHEAN CRATON (INCLUDING GREENSTONE BELTS),KAAPVAAL CRATON_ARCHEAN / JOHANNESBURG DOME / ROODEKRANS COMPLEX,,-26.1,-26.1,27.85,27.85,SUBAERIAL,,,s RO16 [6667],KOMATIITE [6667],,,,ARCHEAN [6667],,,,,VOLCANIC ROCK,,,,,WHOLE_ROCK [6667] ,,,,,,,,,,67661.088,,,,,,,,,,,,,,,,,,,,,,,,,,,,,,,,,,,,,,,,,,,,,20,,,,,,,,,,,285,5,,,,,,,,,,,,,0.001,0.00028,0.0098,,,,,,,,,,,,,,,,,,,,,,,,,,,,0,0.00007,0.0046,0.00047,,,,,,,,,,,,,,,,,,,,,,,,,,,,,,,162102,
[6667],ARCHEAN CRATON (INCLUDING GREENSTONE BELTS),KAAPVAAL CRATON_ARCHEAN / JOHANNESBURG DOME / ROODEKRANS COMPLEX,,-26.1,-26.1,27.85,27.85,SUBAERIAL,,,s RO17 [6667],KOMATIITE [6667],,,,ARCHEAN [6667],,,,,VOLCANIC ROCK,,,,,WHOLE_ROCK [6667] ,,,,,,,,,,65188.623999999996,,,,,,,,,,,,,,,,,,,,,,,,,,,,,,,,,,,,,,,,,,,,,35,,,,,,,,,,,303,9,,,,,,,,,,,,,0,0.00043,0.0111,,,,,,,,,,,,,,,,,,,,,,,,,,,,0,0.00011,0.0038,0.00156,,,,,,,,,,,,,,,,,,,,,,,,,,,,,,,162103,
[6667],ARCHEAN CRATON (INCLUDING GREENSTONE BELTS),KAAPVAAL CRATON_ARCHEAN / JOHANNESBURG DOME / ROODEKRANS COMPLEX,,-26.1,-26.1,27.85,27.85,SUBAERIAL,,,s RO18 [6667],KOMATIITE [6667],,,,ARCHEAN [6667],,,,,VOLCANIC ROCK,,,,,WHOLE_ROCK [6667] ,,,,,,,,,,43961.615999999995,,,,,,,,,,,,,,,,,,,,,,,,,,,,,,,,,,,,,,,,,,,,,109,,,,,,,,,,,329,49,,,,,,,,,,,,,0,0.00039,0.0106,,,,,,,,,,,,,,,,,,,,,,,,,,,,0,0.00012,0.0034,0.00057,,,,,,,,,,,,,,,,,,,,,,,,,,,,,,,162104,
[6667],ARCHEAN CRATON (INCLUDING GREENSTONE BELTS),KAAPVAAL CRATON_ARCHEAN / JOHANNESBURG DOME / ROODEKRANS COMPLEX,,-26.1,-26.1,27.85,27.85,SUBAERIAL,,,s RO24 [6667],KOMATIITE [6667],,,,ARCHEAN [6667],,,,,VOLCANIC ROCK,,,,,WHOLE_ROCK [6667] ,,,,,,,,,,55419.376,,,,,,,,,,,,,,,,,,,,,,,,,,,,,,,,,,,,,,,,,,,,,47,,,,,,,,,,,332,3,,,,,,,,,,,,,0,0.00052,0.0124,,,,,,,,,,,,,,,,,,,,,,,,,,,,0,0.00007,0.0012,0.00155,,,,,,,,,,,,,,,,,,,,,,,,,,,,,,,162105,
[6629],ARCHEAN CRATON (INCLUDING GREENSTONE BELTS),KAAPVAAL CRATON_ARCHEAN / BARBERTON GREENSTONE BELT / ONVERWACHT GROUP / HOOGGENOEG COMPLEX,"LONDOZI RIVER VALLEY, ABOUT 10 KM NNE OF STEYNSDORP",-26.13,-26.13,30.98,30.98,SUBAERIAL,,,s 17 [6629],KOMATIITE [6629],,,,ARCHEAN [6629],,,,MASSIVE [6629] ,VOLCANIC ROCK,,,,,WHOLE_ROCK [6629] ,238391.85,6233.1359999999995,,51496.1223,,9232.08,74620.8,,62607.72,77189.12,1239.1328,,3071.555,12611.569,741.9157,31000.,,,,1000.,,,,,,,,,,,,,,,,,,,,,,,,,,,,,,,,,,,,,,,24,,,1200,,,70,800,140,104,14,,4.8,,0.12,8.4,161,15,195,17,,,,,,,,,0.75,,,0.31,97,15,43,,21,4.8,1.5,,0.64,,,,,1.5,0.24,3.4,0.55,,,,,,0.0016,,,,,2.8,0.57,,,,,,,,,,,,,,,,,,,,,,,,,162319,
[6629],ARCHEAN CRATON (INCLUDING GREENSTONE BELTS),KAAPVAAL CRATON_ARCHEAN / BARBERTON GREENSTONE BELT / ONVERWACHT GROUP / HOOGGENOEG COMPLEX,"LONDOZI RIVER VALLEY, ABOUT 10 KM NNE OF STEYNSDORP",-26.13,-26.13,30.98,30.98,SUBAERIAL,,,s 18 [6629],KOMATIITE [6629],,,,ARCHEAN [6629],,,,MASSIVE [6629] ,VOLCANIC ROCK,,,,,WHOLE_ROCK [6629] ,243066.2,6293.07,,53983.602,,8672.56,72288.90000000001,,59891.86000000001,70555.68,1316.5786,,6392.155,11869.712,523.7052,26000.,,,,0,,,,,,,,,,,,,,,,,,,,,,,,,,,,,,,,,,,,,,,23,,,1190,,,71,680,146,86,10,,1,,,15,227,14,202,15,,,,,,,,,0.66,,,0.51,229,18,41,,16,4.6,1.6,,0.67,,,,,1.7,0.25,3.3,0.54,,,,,,0.0011,,,,,2.8,0.51,,,,,,,,,,,,,,,,,,,,,,,,,162320,
[6629],ARCHEAN CRATON (INCLUDING GREENSTONE BELTS),KAAPVAAL CRATON_ARCHEAN / BARBERTON GREENSTONE BELT / ONVERWACHT GROUP / HOOGGENOEG COMPLEX,"LONDOZI RIVER VALLEY, ABOUT 10 KM NNE OF STEYNSDORP",-26.13,-26.13,30.98,30.98,SUBAERIAL,,,s 19 [6629],KOMATIITE [6629],,,,ARCHEAN [6629],,,,MASSIVE [6629] ,VOLCANIC ROCK,,,,,WHOLE_ROCK [6629] ,241663.89500000002,5873.531999999999,,50490.545399999995,,9162.140000000001,75398.09999999999,,60749.5,75380.,1239.1328,,5478.990000000001,9569.9553,480.0631,30000,,,,0,,,,,,,,,,,,,,,,,,,,,,,,,,,,,,,,,,,,,,,25,,,1370,,,79,830,149,108,12,,1.5,,,16,196,16,207,13,,,,,,,,,0.85,,,0.59,172,18,39,,19,4.5,1.3,,0.66,,,,,1.7,0.25,3.2,0.45,,,,,,0.00086,,,,,2.8,0.57,,,,,,,,,,,,,,,,,,,,,,,,,162321,
[6629],ARCHEAN CRATON (INCLUDING GREENSTONE BELTS),KAAPVAAL CRATON_ARCHEAN / BARBERTON GREENSTONE BELT / ONVERWACHT GROUP / HOOGGENOEG COMPLEX,"LONDOZI RIVER VALLEY, ABOUT 10 KM NNE OF STEYNSDORP",-26.13,-26.13,30.98,30.98,SUBAERIAL,,,s 20 [6629],KOMATIITE [6629],,,,ARCHEAN [6629],,,,MASSIVE [6629] ,VOLCANIC ROCK,,,,,WHOLE_ROCK [6629] ,245870.81000000003,6353.004,,55571.355,,9232.08,72288.90000000001,,61678.61000000001,67540.48,929.3496,,9048.635,11053.6693,480.0631,27000.,,,,0,,,,,,,,,,,,,,,,,,,,,,,,,,,,,,,,,,,,,,,22,,,1090,,,69,650,164,88,12,,0.76,,0.08,18,238,14,191,13,,,,,,,,,0.77,,,0.38,169,19,37,,19,4.4,1.4,,0.57,,,,,1.6,0.23,3.2,0.52,,,,,,0.0071,,,,,2.9,0.61,,,,,,,,,,,,,,,,,,,,,,,,,162322,
[6629],ARCHEAN CRATON (INCLUDING GREENSTONE BELTS),KAAPVAAL CRATON_ARCHEAN / BARBERTON GREENSTONE BELT / ONVERWACHT GROUP / HOOGGENOEG COMPLEX,"LONDOZI RIVER VALLEY, ABOUT 10 KM NNE OF STEYNSDORP",-26.13,-26.13,30.98,30.98,SUBAERIAL,,,s 21 [6629],KOMATIITE [6629],,,,ARCHEAN [6629],,,,MASSIVE [6629] ,VOLCANIC ROCK,,,,,WHOLE_ROCK [6629] ,241663.89500000002,5993.4,,52501.6992,,10141.3,73066.2,,59605.979999999996,71761.76,1316.5786,,9629.74,9569.9553,523.7052,27000.,,,,0,,,,,,,,,,,,,,,,,,,,,,,,,,,,,,,,,,,,,,,24,,,1220,,,71,840,100,97,8.1,,2.5,,0.08,17,205,12,178,11,,,,,,,,,0.8,,,0.38,162,17,37,,15,4.4,1.4,,0.6,,,,,1.4,0.23,3,0.49,,,,,,0.0029,,,,,2.7,0.54,,,,,,,,,,,,,,,,,,,,,,,,,162323,
[6629],ARCHEAN CRATON (INCLUDING GREENSTONE BELTS),KAAPVAAL CRATON_ARCHEAN / BARBERTON GREENSTONE BELT / ONVERWACHT GROUP / HOOGGENOEG COMPLEX,"LONDOZI RIVER VALLEY, ABOUT 10 KM NNE OF STEYNSDORP",-26.13,-26.13,30.98,30.98,SUBAERIAL,,,s 22 [6629],KOMATIITE [6629],,,,ARCHEAN [6629],,,,MASSIVE [6629] ,VOLCANIC ROCK,,,,,WHOLE_ROCK [6629] ,241196.46000000002,6293.07,,53983.602,,9162.140000000001,72288.90000000001,,62464.78,67540.48,1006.7954,,8716.575,13056.6832,480.0631,27000.,,,,0,,,,,,,,,,,,,,,,,,,,,,,,,,,,,,,,,,,,,,,23,,,1150,,,69,710,133,96,12,,6.4,,,16,173,13,189,13,,,,,,,,,1.7,,,0.33,236,19,40,,18,4.4,1.5,,0.63,,,,,1.5,0.23,3.3,0.49,,,,,,0.0045,,,,,2.8,0.56,,,,,,,,,,,,,,,,,,,,,,,,,162324,
[6629],ARCHEAN CRATON (INCLUDING GREENSTONE BELTS),KAAPVAAL CRATON_ARCHEAN / BARBERTON GREENSTONE BELT / ONVERWACHT GROUP / KROMBERG FORMATION,"KOMATI GORGE, 5 KM NW OF THE LONDOZI RIVER FLOW",-26.1,-26.1,29.43,29.43,SUBAERIAL,,,s 4 [6629],KOMATIITE [6629],,,,ARCHEAN [6629],,,,,VOLCANIC ROCK,,,,,WHOLE_ROCK [6629] ,237456.98,8210.958,,74095.14,,24129.300000000003,76952.7,,63822.71,35760.272,1471.4702,,1992.36,19065.724899999997,610.9894,26000.,,,,0,,,,,,,,,,,,,,,,,,,,,,,,,,,,,,,,,,,,,,,35,,,150,,,54,125,177,120,13,,0.42,,0.07,4.9,136,25,106,12,,,,,,,,,0.4,,,0.63,57,5.7,14,,9,3,1.4,,0.66,,,,,3.3,0.65,2.8,0.28,,,,,,0.001,,,,,0.55,0.2,,,,,,,,,,,,,,,,,,,,,,,,,162325,
[6629],ARCHEAN CRATON (INCLUDING GREENSTONE BELTS),KAAPVAAL CRATON_ARCHEAN / BARBERTON GREENSTONE BELT / ONVERWACHT GROUP / KROMBERG FORMATION,"KOMATI GORGE, 5 KM NW OF THE LONDOZI RIVER FLOW",-26.1,-26.1,29.43,29.43,SUBAERIAL,,,s 3 [6629],KOMATIITE [6629],,,,ARCHEAN [6629],,,,,VOLCANIC ROCK,,,,,WHOLE_ROCK [6629] ,236522.11000000002,8570.562,,72507.387,,12169.56,83171.09999999999,,42667.59,32684.767999999996,1006.7954,,830.1500000000001,19214.096299999997,654.6315,43000.,,,,33000.,,,,,,,,,,,,,,,,,,,,,,,,,,,,,,,,,,,,,,,28,,,63,,,53,140,137,119,18,,0.5,,,0,61,27,109,13,,,,,,,,,0.25,,,0.41,21,6.3,15,,12,2.9,1.5,,0.71,,,,,3.1,0.61,2.9,0.42,,,,,,0.0006,,,,,0.54,0.2,,,,,,,,,,,,,,,,,,,,,,,,,162326,
[6629],ARCHEAN CRATON (INCLUDING GREENSTONE BELTS),KAAPVAAL CRATON_ARCHEAN / BARBERTON GREENSTONE BELT / ONVERWACHT GROUP / KROMBERG FORMATION,"KOMATI GORGE, 5 KM NW OF THE LONDOZI RIVER FLOW",-26.1,-26.1,29.43,29.43,SUBAERIAL,,,s 2 [6629],KOMATIITE [6629],,,,ARCHEAN [6629],,,,,VOLCANIC ROCK,,,,,WHOLE_ROCK [6629] ,220161.885,9889.109999999999,,69861.132,,12659.140000000001,101826.3,,32518.85,36483.92,1161.687,,7056.275,8234.6127,698.2736,62000.,,,,42000.,,,,,,,,,,,,,,,,,,,,,,,,,,,,,,,,,,,,,,,32,,,63,,,50,106,170,163,14,,0.36,,0.06,22,25,35,108,15,,,,,,,,,0.4,,,0.31,42,6.8,17,,13,3.4,1.2,,0.79,,,,,3.5,0.68,3.1,0.36,,,,,,0.00062,,,,,0.52,0.16,,,,,,,,,,,,,,,,,,,,,,,,,162327,
[6629],ARCHEAN CRATON (INCLUDING GREENSTONE BELTS),KAAPVAAL CRATON_ARCHEAN / BARBERTON GREENSTONE BELT / ONVERWACHT GROUP / KROMBERG FORMATION,"KOMATI GORGE, 5 KM NW OF THE LONDOZI RIVER FLOW",-26.1,-26.1,29.43,29.43,SUBAERIAL,,,s 7 [6629],KOMATIITE [6629],,,,ARCHEAN [6629],,,,,VOLCANIC ROCK,,,,,WHOLE_ROCK [6629] ,239794.155,5394.0599999999995,,78329.148,,18813.86,70734.3,,53602.5,45710.432,1471.4702,,4897.884999999999,18398.0536,392.77889999999996,31000.,,,,0,,,,,,,,,,,,,,,,,,,,,,,,,,,,,,,,,,,,,,,33,,,68,,,54,123,36,195,11,,,,0.06,14,176,12,67,10,,,,,,,,,0.35,,,0.25,44,3.7,11,,8,1.9,0.84,,0.43,,,,,1.8,0.33,1.8,0.22,,,,,,0.0008,,,,,0.66,0.17,,,,,,,,,,,,,,,,,,,,,,,,,162328,
[6629],ARCHEAN CRATON (INCLUDING GREENSTONE BELTS),KAAPVAAL CRATON_ARCHEAN / BARBERTON GREENSTONE BELT / ONVERWACHT GROUP / KROMBERG FORMATION,"KOMATI GORGE, 5 KM NW OF THE LONDOZI RIVER FLOW",-26.1,-26.1,29.43,29.43,SUBAERIAL,,,s 8 [6629],KOMATIITE [6629],,,,ARCHEAN [6629],,,,,VOLCANIC ROCK,,,,,WHOLE_ROCK [6629] ,236054.67500000002,4854.654,,79916.901,,30353.96,44306.1,,94340.4,32262.639999999996,1394.0244,,4980.9,18546.425,261.8526,15000.,,,,1000.,,,,,,,,,,,,,,,,,,,,,,,,,,,,,,,,,,,,,,,31,,,77,,,51,88,49,69,13,,1.5,,0.13,6.6,760,7.2,132,8,,,,,,,,,1.3,,,0,41,4.2,10,,7.2,1.9,0.77,,0.47,,,,,1.6,0.31,1.9,0.26,,,,,,0.0079,,,,,0.66,0.23,,,,,,,,,,,,,,,,,,,,,,,,,162329,
[6629],ARCHEAN CRATON (INCLUDING GREENSTONE BELTS),KAAPVAAL CRATON_ARCHEAN / BARBERTON GREENSTONE BELT / ONVERWACHT GROUP / KROMBERG FORMATION,"KOMATI GORGE, 5 KM NW OF THE LONDOZI RIVER FLOW",-26.1,-26.1,29.43,29.43,SUBAERIAL,,,s 9 [6629],KOMATIITE [6629],,,,ARCHEAN [6629],,,,,VOLCANIC ROCK,,,,,WHOLE_ROCK [6629] ,217824.71000000002,4375.182,,82033.905,,67352.22,23319,,135078.3,21588.832,1626.3618,,1577.285,8086.241300000001,218.21050000000002,7000.,,,,0,,,,,,,,,,,,,,,,,,,,,,,,,,,,,,,,,,,,,,,30,,,68,,,31,76,56,88,17,,0.63,,0.15,3.2,1800,,199,5.6,,,,,,,,,3.1,,,0.17,0,3.6,10,,,1.8,0.87,,0.4,,,,,1.7,0.3,1.6,0.2,,,,,,0.0022,,,,,0.58,0.25,,,,,,,,,,,,,,,,,,,,,,,,,162330,
[5133],ARCHEAN CRATON (INCLUDING GREENSTONE BELTS),KAAPVAAL CRATON_ARCHEAN / BARBERTON GREENSTONE BELT / NELSHOOGTE SCHIST BELT,,-25.78,-25.78,31.05,31.05,SUBAERIAL,,,s S8 [5133],KOMATIITE [5133],,,,ARCHEAN [5133],,,,,VOLCANIC ROCK,,,,,WHOLE_ROCK [5133] ,183281.26350000003,1378.482,,19846.912500000002,,35669.399999999994,36844.020000000004,,19368.37,201656.57599999997,1084.2412000000002,,83.015,296.7428,174.5684,,98500.,,,500.,,,,,,,,,,300.,,,,,,,,,,,,,,,,,,,,,,,,,,,,,,,,,,,,,,,,,,,,,,,,,,,,,,,,,,,,,,,,,,,,,,,,,,,,,,,,,,,,,,,,,,,,,,,,,,,,,,,,,,,,,,,,,,162396,
[5133],ARCHEAN CRATON (INCLUDING GREENSTONE BELTS),KAAPVAAL CRATON_ARCHEAN / BARBERTON GREENSTONE BELT / NELSHOOGTE SCHIST BELT,,-25.78,-25.78,31.05,31.05,SUBAERIAL,,,s S15 [5133],KOMATIITE [5133],,,,ARCHEAN [5133],,,,,VOLCANIC ROCK,,,,,WHOLE_ROCK [5133] ,193845.29450000002,1438.416,,15348.279,,30703.659999999996,55654.68,,15151.640000000001,184168.416,1471.4702,,83.015,296.7428,174.5684,,101800.,,,1800.,,,,,,,,,,800.,,,,,,,,,,,,,,,,,,,,,,,,,,,,,,,,,,,,,,,,,,,,,,,,,,,,,,,,,,,,,,,,,,,,,,,,,,,,,,,,,,,,,,,,,,,,,,,,,,,,,,,,,,,,,,,,,,162397,
[5133],ARCHEAN CRATON (INCLUDING GREENSTONE BELTS),KAAPVAAL CRATON_ARCHEAN / BARBERTON GREENSTONE BELT / NELSHOOGTE SCHIST BELT,,-25.78,-25.78,31.05,31.05,SUBAERIAL,,,s S20 [5133],KOMATIITE [5133],,,,ARCHEAN [5133],,,,,VOLCANIC ROCK,,,,,WHOLE_ROCK [5133] ,193658.3205,1857.954,,16300.930800000002,,31473.,43917.450000000004,,22513.05,189113.34399999998,1316.5786,,83.015,296.7428,218.21050000000002,,95900.,,,2100.,,,,,,,,,,1000.,,,,,,,,,,,,,,,,,,,,,,,,,,,,,,,,,,,,,,,,,,,,,,,,,,,,,,,,,,,,,,,,,,,,,,,,,,,,,,,,,,,,,,,,,,,,,,,,,,,,,,,,,,,,,,,,,,162398,
[5133],ARCHEAN CRATON (INCLUDING GREENSTONE BELTS),KAAPVAAL CRATON_ARCHEAN / BARBERTON GREENSTONE BELT / NELSHOOGTE SCHIST BELT,,-25.78,-25.78,31.05,31.05,SUBAERIAL,,,s S29 [5133],KOMATIITE [5133],,,,ARCHEAN [5133],,,,,VOLCANIC ROCK,,,,,WHOLE_ROCK [5133] ,184403.10750000004,1138.7459999999999,,14766.102900000002,,36158.979999999996,51612.719999999994,,1858.22,199003.19999999998,2013.5908,,0.,296.7428,130.9263,,115900.,,,1400.0000000000002,,,,,,,,,,800.,,,,,,,,,,,,,,,,,,,,,,,,,,,,,,,,,,,,,,,,,,,,,,,,,,,,,,,,,,,,,,,,,,,,,,,,,,,,,,,,,,,,,,,,,,,,,,,,,,,,,,,,,,,,,,,,,,162399,
[5133],ARCHEAN CRATON (INCLUDING GREENSTONE BELTS),KAAPVAAL CRATON_ARCHEAN / BARBERTON GREENSTONE BELT / NELSHOOGTE SCHIST BELT,,-25.78,-25.78,31.05,31.05,SUBAERIAL,,,s S35 [5133],KOMATIITE [5133],,,,ARCHEAN [5133],,,,,VOLCANIC ROCK,,,,,WHOLE_ROCK [5133] ,190386.2755,1438.416,,14078.076600000002,,30214.08,47648.49,,21512.469999999998,186399.664,1239.1328,,83.015,296.7428,174.5684,,100500.,,,11700.,,,,,,,,,,500.,,,,,,,,,,,,,,,,,,,,,,,,,,,,,,,,,,,,,,,,,,,,,,,,,,,,,,,,,,,,,,,,,,,,,,,,,,,,,,,,,,,,,,,,,,,,,,,,,,,,,,,,,,,,,,,,,,162400,
[5133],ARCHEAN CRATON (INCLUDING GREENSTONE BELTS),KAAPVAAL CRATON_ARCHEAN / BARBERTON GREENSTONE BELT / NELSHOOGTE SCHIST BELT,,-25.78,-25.78,31.05,31.05,SUBAERIAL,,,s DH39 [5133],KOMATIITE [5133],,,,ARCHEAN [5133],,,,,VOLCANIC ROCK,,,,,WHOLE_ROCK [5133] ,220021.6545,1738.0859999999998,,17941.608900000003,,17974.579999999998,40730.520000000004,,58176.58,160408.63999999998,1161.687,,249.045,296.7428,261.8526,,58500.,,,700.0000000000001,,,,,,,,,,300.,,,,,,,,,,,,,,,,,,,,,,,,,,,,,,,,,,,,,,,,,,,,,,,,,,,,,,,,,,,,,,,,,,,,,,,,,,,,,,,,,,,,,,,,,,,,,,,,,,,,,,,,,,,,,,,,,,162401,
[5133],ARCHEAN CRATON (INCLUDING GREENSTONE BELTS),KAAPVAAL CRATON_ARCHEAN / BARBERTON GREENSTONE BELT / NELSHOOGTE SCHIST BELT,,-25.78,-25.78,31.05,31.05,SUBAERIAL,,,s DH42 [5133],KOMATIITE [5133],,,,ARCHEAN [5133],,,,,VOLCANIC ROCK,,,,,WHOLE_ROCK [5133] ,190386.2755,1738.0859999999998,,18259.1595,,26437.32,54721.92,,12364.31,188932.43199999997,1703.8076,,83.015,296.7428,174.5684,,106700.,,,700.0000000000001,,,,,,,,,,200.,,,,,,,,,,,,,,,,,,,,,,,,,,,,,,,,,,,,,,,,,,,,,,,,,,,,,,,,,,,,,,,,,,,,,,,,,,,,,,,,,,,,,,,,,,,,,,,,,,,,,,,,,,,,,,,,,,162402,
[5133],ARCHEAN CRATON (INCLUDING GREENSTONE BELTS),KAAPVAAL CRATON_ARCHEAN / BARBERTON GREENSTONE BELT / NELSHOOGTE SCHIST BELT,,-25.78,-25.78,31.05,31.05,SUBAERIAL,,,s SK6 [5133],KOMATIITE [5133],,,,ARCHEAN [5133],,,,,VOLCANIC ROCK,,,,,WHOLE_ROCK [5133] ,189778.61000000002,1198.68,,12172.773,,13288.599999999999,73066.2,,8576.4,194178.88,2323.374,,0.,0.,130.9263,,118699.99999999999,,,,,,,,,,,,,,,,,,,,,,,,,,,,,,,,,,,,,,,,,,,,,,,,,,,,,,,,,,,,,,,,,,,,,,,,,,,,,,,,,,,,,,,,,,,,,,,,,,,,,,,,,,,,,,,,,,,,,,,,,,,,,,,162403,
[5133],ARCHEAN CRATON (INCLUDING GREENSTONE BELTS),KAAPVAAL CRATON_ARCHEAN / BARBERTON GREENSTONE BELT / NELSHOOGTE SCHIST BELT,,-25.78,-25.78,31.05,31.05,SUBAERIAL,,,s SK9 [5133],KOMATIITE [5133],,,,ARCHEAN [5133],,,,,VOLCANIC ROCK,,,,,WHOLE_ROCK [5133] ,188843.74000000002,1198.68,,12172.773,,13288.599999999999,75398.09999999999,,6432.3,194781.91999999998,1548.9160000000002,,0.,0.,130.9263,,120700.,,,,,,,,,,,,,,,,,,,,,,,,,,,,,,,,,,,,,,,,,,,,,,,,,,,,,,,,,,,,,,,,,,,,,,,,,,,,,,,,,,,,,,,,,,,,,,,,,,,,,,,,,,,,,,,,,,,,,,,,,,,,,,,162404,
[5133],ARCHEAN CRATON (INCLUDING GREENSTONE BELTS),KAAPVAAL CRATON_ARCHEAN / BARBERTON GREENSTONE BELT / NELSHOOGTE SCHIST BELT,,-25.78,-25.78,31.05,31.05,SUBAERIAL,,,s S3 [5133],"BASALT, KOMATIITIC [5133]",,,,ARCHEAN [5133],,,,,VOLCANIC ROCK,,,,,WHOLE_ROCK [5133] ,242131.33000000002,1977.822,,15983.380200000001,,8043.099999999999,60551.67,,112136.43,108366.28799999999,1626.3618,,249.045,1706.2711,174.5684,,26300.,,,600.,,,,,,,,,,,,,,,,,,,,,,,,,,,,,,,,,,,,,,,,,,,,,,,,,,,,,,,,,,,,,,,,,,,,,,,,,,,,,,,,,,,,,,,,,,,,,,,,,,,,,,,,,,,,,,,,,,,,,,,,,,,,162405,
[5133],ARCHEAN CRATON (INCLUDING GREENSTONE BELTS),KAAPVAAL CRATON_ARCHEAN / BARBERTON GREENSTONE BELT / NELSHOOGTE SCHIST BELT,,-25.78,-25.78,31.05,31.05,SUBAERIAL,,,s S16 [5133],"BASALT, KOMATIITIC [5133]",,,,ARCHEAN [5133],,,,,VOLCANIC ROCK,,,,,WHOLE_ROCK [5133] ,235774.214,2217.558,,37100.4951,,16226.079999999998,71822.52,,97699.49,80927.968,1548.9160000000002,,1992.36,5118.8133,392.77889999999996,,20299.999999999996,,,900.,,,,,,,,,,,,,,,,,,,,,,,,,,,,,,,,,,,,,,,,,,,,,,,,,,,,,,,,,,,,,,,,,,,,,,,,,,,,,,,,,,,,,,,,,,,,,,,,,,,,,,,,,,,,,,,,,,,,,,,,,,,,162408,
[5133],ARCHEAN CRATON (INCLUDING GREENSTONE BELTS),KAAPVAAL CRATON_ARCHEAN / BARBERTON GREENSTONE BELT / NELSHOOGTE SCHIST BELT,,-25.78,-25.78,31.05,31.05,SUBAERIAL,,,s S28 [5133],"BASALT, KOMATIITIC [5133]",,,,ARCHEAN [5133],,,,,VOLCANIC ROCK,,,,,WHOLE_ROCK [5133] ,241617.1515,2876.832,,15983.380200000001,,14337.699999999999,64593.630000000005,,98700.07,105592.304,1858.6992,,830.1500000000001,890.2284,392.77889999999996,,23500.,,,800.,,,,,,,,,,,,,,,,,,,,,,,,,,,,,,,,,,,,,,,,,,,,,,,,,,,,,,,,,,,,,,,,,,,,,,,,,,,,,,,,,,,,,,,,,,,,,,,,,,,,,,,,,,,,,,,,,,,,,,,,,,,,162409,
[5133],ARCHEAN CRATON (INCLUDING GREENSTONE BELTS),KAAPVAAL CRATON_ARCHEAN / BARBERTON GREENSTONE BELT / NELSHOOGTE SCHIST BELT,,-25.78,-25.78,31.05,31.05,SUBAERIAL,,,s S32 [5133],"BASALT, KOMATIITIC [5133]",,,,ARCHEAN [5133],,,,,VOLCANIC ROCK,,,,,WHOLE_ROCK [5133] ,240775.7685,3596.0399999999995,,21117.1149,,14057.939999999999,88845.39,,89909.26,88948.4,1936.145,,1079.195,2596.4995,392.77889999999996,,21700.,,,1000.,,,,,,,,,,100.,,,,,,,,,,,,,,,,,,,,,,,,,,,,,,,,,,,,,,,,,,,,,,,,,,,,,,,,,,,,,,,,,,,,,,,,,,,,,,,,,,,,,,,,,,,,,,,,,,,,,,,,,,,,,,,,,,162410,
[5133],ARCHEAN CRATON (INCLUDING GREENSTONE BELTS),KAAPVAAL CRATON_ARCHEAN / BARBERTON GREENSTONE BELT / NELSHOOGTE SCHIST BELT,,-25.78,-25.78,31.05,31.05,SUBAERIAL,,,s S37 [5133],"BASALT, KOMATIITIC [5133]",,,,ARCHEAN [5133],,,,,VOLCANIC ROCK,,,,,WHOLE_ROCK [5133] ,217871.4535,2936.7659999999996,,28103.2281,,36648.560000000005,43451.07,,52887.8,143041.088,1239.1328,,332.06,296.7428,305.4947,,46900.00000000001,,,1400.0000000000002,,,,,,,,,,800.,,,,,,,,,,,,,,,,,,,,,,,,,,,,,,,,,,,,,,,,,,,,,,,,,,,,,,,,,,,,,,,,,,,,,,,,,,,,,,,,,,,,,,,,,,,,,,,,,,,,,,,,,,,,,,,,,,162411,
[5133],ARCHEAN CRATON (INCLUDING GREENSTONE BELTS),KAAPVAAL CRATON_ARCHEAN / BARBERTON GREENSTONE BELT / NELSHOOGTE SCHIST BELT,,-25.78,-25.78,31.05,31.05,SUBAERIAL,,,s S40 [5133],"BASALT, KOMATIITIC [5133]",,,,ARCHEAN [5133],,,,,VOLCANIC ROCK,,,,,WHOLE_ROCK [5133] ,225397.157,2577.162,,23392.8942,,30703.659999999996,45938.43,,53959.85,148649.36,1316.5786,,581.105,2151.3853,305.4947,,33100.,,,700.0000000000001,,,,,,,,,,400.,,,,,,,,,,,,,,,,,,,,,,,,,,,,,,,,,,,,,,,,,,,,,,,,,,,,,,,,,,,,,,,,,,,,,,,,,,,,,,,,,,,,,,,,,,,,,,,,,,,,,,,,,,,,,,,,,,162412,
[5133],ARCHEAN CRATON (INCLUDING GREENSTONE BELTS),KAAPVAAL CRATON_ARCHEAN / BARBERTON GREENSTONE BELT / NELSHOOGTE SCHIST BELT,,-25.78,-25.78,31.05,31.05,SUBAERIAL,,,s S43 [5133],"BASALT, KOMATIITIC [5133]",,,,ARCHEAN [5133],,,,,VOLCANIC ROCK,,,,,WHOLE_ROCK [5133] ,243019.45650000003,2816.8979999999997,,67056.1017,,11260.34,50135.85,,58462.46,62294.032,1239.1328,,20587.72,16691.7825,1309.263,,26300.,,,4000.,,,,,,,,,,100.,,,,,,,,,,,,,,,,,,,,,,,,,,,,,,,,,,,,,,,,,,,,,,,,,,,,,,,,,,,,,,,,,,,,,,,,,,,,,,,,,,,,,,,,,,,,,,,,,,,,,,,,,,,,,,,,,,162413,
[5133],ARCHEAN CRATON (INCLUDING GREENSTONE BELTS),KAAPVAAL CRATON_ARCHEAN / BARBERTON GREENSTONE BELT / NELSHOOGTE SCHIST BELT,,-25.78,-25.78,31.05,31.05,SUBAERIAL,,,s DH38 [5133],"BASALT, KOMATIITIC [5133]",,,,ARCHEAN [5133],,,,,VOLCANIC ROCK,,,,,WHOLE_ROCK [5133] ,222919.7515,2936.7659999999996,,33713.288700000005,,11959.74,66225.95999999999,,79474.64,117653.104,1239.1328,,830.1500000000001,4006.0278000000003,392.77889999999996,,32900.,,,700.0000000000001,,,,,,,,,,300.,,,,,,,,,,,,,,,,,,,,,,,,,,,,,,,,,,,,,,,,,,,,,,,,,,,,,,,,,,,,,,,,,,,,,,,,,,,,,,,,,,,,,,,,,,,,,,,,,,,,,,,,,,,,,,,,,,162414,
[5133],ARCHEAN CRATON (INCLUDING GREENSTONE BELTS),KAAPVAAL CRATON_ARCHEAN / BARBERTON GREENSTONE BELT / NELSHOOGTE SCHIST BELT,,-25.78,-25.78,31.05,31.05,SUBAERIAL,,,s DH46 [5133],"BASALT, KOMATIITIC [5133]",,,,ARCHEAN [5133],,,,,VOLCANIC ROCK,,,,,WHOLE_ROCK [5133] ,242178.07350000003,2517.2279999999996,,21381.740400000002,,10910.640000000001,62417.189999999995,,99843.59000000001,100587.07199999999,1936.145,,1079.195,6379.9702,392.77889999999996,,16500.,,,1200.,,,,,,,,,,,,,,,,,,,,,,,,,,,,,,,,,,,,,,,,,,,,,,,,,,,,,,,,,,,,,,,,,,,,,,,,,,,,,,,,,,,,,,,,,,,,,,,,,,,,,,,,,,,,,,,,,,,,,,,,,,,,162415,
[5133],ARCHEAN CRATON (INCLUDING GREENSTONE BELTS),KAAPVAAL CRATON_ARCHEAN / BARBERTON GREENSTONE BELT / NELSHOOGTE SCHIST BELT,,-25.78,-25.78,31.05,31.05,SUBAERIAL,,,s DH52 [5133],"BASALT, KOMATIITIC [5133]",,,,ARCHEAN [5133],,,,,VOLCANIC ROCK,,,,,WHOLE_ROCK [5133] ,241009.48600000003,2697.0299999999997,,21011.264700000003,,10980.58,68557.86,,96413.03,101190.112,1703.8076,,1660.3000000000002,3412.5422,392.77889999999996,,19900.,,,800.,,,,,,,,,,,,,,,,,,,,,,,,,,,,,,,,,,,,,,,,,,,,,,,,,,,,,,,,,,,,,,,,,,,,,,,,,,,,,,,,,,,,,,,,,,,,,,,,,,,,,,,,,,,,,,,,,,,,,,,,,,,,162416,
[5133],ARCHEAN CRATON (INCLUDING GREENSTONE BELTS),KAAPVAAL CRATON_ARCHEAN / BARBERTON GREENSTONE BELT / NELSHOOGTE SCHIST BELT,,-25.78,-25.78,31.05,31.05,SUBAERIAL,,,s SB7 [5133],"BASALT, KOMATIITIC [5133]",,,,ARCHEAN [5133],,,,,VOLCANIC ROCK,,,,,WHOLE_ROCK [5133] ,241196.46000000002,2397.36,,16406.781000000003,,9791.599999999999,53633.700000000004,,112207.9,106135.04000000001,1548.9160000000002,,415.07500000000005,593.4856,130.9263,,29400.,,,,,,,,,,,,,,,,,,,,,,,,,,,,,,,,,,,,,,,,,,,,,,,,,,,,,,,,,,,,,,,,,,,,,,,,,,,,,,,,,,,,,,,,,,,,,,,,,,,,,,,,,,,,,,,,,,,,,,,,,,,,,,,162417,
[5133],ARCHEAN CRATON (INCLUDING GREENSTONE BELTS),KAAPVAAL CRATON_ARCHEAN / BARBERTON GREENSTONE BELT / NELSHOOGTE SCHIST BELT,,-25.78,-25.78,31.05,31.05,SUBAERIAL,,,s SB10 [5133],"BASALT, KOMATIITIC [5133]",,,,ARCHEAN [5133],,,,,VOLCANIC ROCK,,,,,WHOLE_ROCK [5133] ,228575.71500000003,3596.0399999999995,,26991.801,,17485.,97162.5,,87193.4,83219.52,1548.9160000000002,,1328.24,2151.3853,218.21050000000002,,37000.,,,,,,,,,,,,,,,,,,,,,,,,,,,,,,,,,,,,,,,,,,,,,,,,,,,,,,,,,,,,,,,,,,,,,,,,,,,,,,,,,,,,,,,,,,,,,,,,,,,,,,,,,,,,,,,,,,,,,,,,,,,,,,,162418,
[5133],ARCHEAN CRATON (INCLUDING GREENSTONE BELTS),KAAPVAAL CRATON_ARCHEAN / BARBERTON GREENSTONE BELT / NELSHOOGTE SCHIST BELT,,-25.78,-25.78,31.05,31.05,SUBAERIAL,,,s SB36 [5133],"BASALT, KOMATIITIC [5133]",,,,ARCHEAN [5133],,,,,VOLCANIC ROCK,,,,,WHOLE_ROCK [5133] ,240729.02500000002,2397.36,,50808.096,,11190.400000000001,61406.700000000004,,77902.3,78998.23999999999,774.4580000000001,,2905.5249999999996,9644.141,218.21050000000002,,32000.,,,,,,,,,,,,,,,,,,,,,,,,,,,,,,,,,,,,,,,,,,,,,,,,,,,,,,,,,,,,,,,,,,,,,,,,,,,,,,,,,,,,,,,,,,,,,,,,,,,,,,,,,,,,,,,,,,,,,,,,,,,,,,,162419,
[5133],ARCHEAN CRATON (INCLUDING GREENSTONE BELTS),KAAPVAAL CRATON_ARCHEAN / BARBERTON GREENSTONE BELT / NELSHOOGTE SCHIST BELT,,-25.78,-25.78,31.05,31.05,SUBAERIAL,,,s SB37 [5133],"BASALT, KOMATIITIC [5133]",,,,ARCHEAN [5133],,,,,VOLCANIC ROCK,,,,,WHOLE_ROCK [5133] ,238859.28500000003,3596.0399999999995,,62980.869000000006,,13288.599999999999,71511.59999999999,,65037.7,62716.159999999996,774.4580000000001,,581.105,13353.426,305.4947,,37600.,,,,,,,,,,,,,,,,,,,,,,,,,,,,,,,,,,,,,,,,,,,,,,,,,,,,,,,,,,,,,,,,,,,,,,,,,,,,,,,,,,,,,,,,,,,,,,,,,,,,,,,,,,,,,,,,,,,,,,,,,,,,,,,162420,
[5133],ARCHEAN CRATON (INCLUDING GREENSTONE BELTS),KAAPVAAL CRATON_ARCHEAN / BARBERTON GREENSTONE BELT / STOLZBURG LAYERED ULTRAMAFIC COMPLEX,,-25.78,-25.78,31.05,31.05,SUBAERIAL,,,s DH25 [5133],NOT GIVEN [5133],,,,ARCHEAN [5133],,,,,PLUTONIC ROCK,,,EXTENSIVELY ALTERED,,WHOLE_ROCK [5133] ,192115.78500000003,1258.6139999999998,,24768.946799999998,,20632.300000000003,53011.86,,27730.36,176389.19999999998,1239.1328,,249.045,296.7428,218.21050000000002,,94700.,,,5699.999999999999,,,,,,,,,,1400.0000000000002,,,,,,,,,,,,,,,,,,,,,,,,,,,,,,,,,,,,,,,,,,,,,,,,,,,,,,,,,,,,,,,,,,,,,,,,,,,,,,,,,,,,,,,,,,,,,,,,,,,,,,,,,,,,,,,,,,162422,
[5133],ARCHEAN CRATON (INCLUDING GREENSTONE BELTS),KAAPVAAL CRATON_ARCHEAN / BARBERTON GREENSTONE BELT / STOLZBURG LAYERED ULTRAMAFIC COMPLEX,,-25.78,-25.78,31.05,31.05,SUBAERIAL,,,s DH26 [5133],NOT GIVEN [5133],,,,ARCHEAN [5133],,,,,PLUTONIC ROCK,,,EXTENSIVELY ALTERED,,WHOLE_ROCK [5133] ,184169.39,599.34,,11061.3459,,15316.859999999999,62494.91999999999,,13436.359999999999,215285.28,1161.687,,166.03,222.5571,174.5684,,92500.,,,1000.,,,,,,,,,,,,,,,,,,,,,,,,,,,,,,,,,,,,,,,,,,,,,,,,,,,,,,,,,,,,,,,,,,,,,,,,,,,,,,,,,,,,,,,,,,,,,,,,,,,,,,,,,,,,,,,,,,,,,,,,,,,,162423,
[5133],ARCHEAN CRATON (INCLUDING GREENSTONE BELTS),KAAPVAAL CRATON_ARCHEAN / BARBERTON GREENSTONE BELT / STOLZBURG LAYERED ULTRAMAFIC COMPLEX,,-25.78,-25.78,31.05,31.05,SUBAERIAL,,,s DH49 [5133],NOT GIVEN [5133],,,,ARCHEAN [5133],,,,,PLUTONIC ROCK,,,EXTENSIVELY ALTERED,,WHOLE_ROCK [5133] ,204269.09500000003,1438.416,,23392.8942,,18743.920000000002,61173.51,,34662.95,159805.59999999998,1316.5786,,498.09,2151.3853,218.21050000000002,,74500.,,,500.,,,,,,,,,,,,,,,,,,,,,,,,,,,,,,,,,,,,,,,,,,,,,,,,,,,,,,,,,,,,,,,,,,,,,,,,,,,,,,,,,,,,,,,,,,,,,,,,,,,,,,,,,,,,,,,,,,,,,,,,,,,,162425,
[5133],ARCHEAN CRATON (INCLUDING GREENSTONE BELTS),KAAPVAAL CRATON_ARCHEAN / BARBERTON GREENSTONE BELT / STOLZBURG LAYERED ULTRAMAFIC COMPLEX,,-25.78,-25.78,31.05,31.05,SUBAERIAL,,,s DH65 [5133],NOT GIVEN [5133],,,,ARCHEAN [5133],,,,,PLUTONIC ROCK,,,EXTENSIVELY ALTERED,,WHOLE_ROCK [5133] ,182252.9065,659.274,,12702.024,,43782.439999999995,8317.11,,285.88,228552.15999999997,929.3496,,83.015,222.5571,130.9263,,124300.,,,1600.,,,,,,,,,,700.0000000000001,,,,,,,,,,,,,,,,,,,,,,,,,,,,,,,,,,,,,,,,,,,,,,,,,,,,,,,,,,,,,,,,,,,,,,,,,,,,,,,,,,,,,,,,,,,,,,,,,,,,,,,,,,,,,,,,,,162426,
[5133],ARCHEAN CRATON (INCLUDING GREENSTONE BELTS),KAAPVAAL CRATON_ARCHEAN / BARBERTON GREENSTONE BELT / STOLZBURG LAYERED ULTRAMAFIC COMPLEX,,-25.78,-25.78,31.05,31.05,SUBAERIAL,,,s DH70 [5133],NOT GIVEN [5133],,,,ARCHEAN [5133],,,,,PLUTONIC ROCK,,,EXTENSIVELY ALTERED,,WHOLE_ROCK [5133] ,183608.46800000002,659.274,,15930.4551,,31193.239999999998,24484.95,,7289.9400000000005,217818.04799999998,1006.7954,,83.015,222.5571,130.9263,,114600.00000000001,,,1800.,,,,,,,,,,1400.0000000000002,,,,,,,,,,,,,,,,,,,,,,,,,,,,,,,,,,,,,,,,,,,,,,,,,,,,,,,,,,,,,,,,,,,,,,,,,,,,,,,,,,,,,,,,,,,,,,,,,,,,,,,,,,,,,,,,,,162427,
[5133],ARCHEAN CRATON (INCLUDING GREENSTONE BELTS),KAAPVAAL CRATON_ARCHEAN / BARBERTON GREENSTONE BELT / STOLZBURG LAYERED ULTRAMAFIC COMPLEX,,-25.78,-25.78,31.05,31.05,SUBAERIAL,,,s DH78 [5133],NOT GIVEN [5133],,,,ARCHEAN [5133],,,,,PLUTONIC ROCK,,,EXTENSIVELY ALTERED,,WHOLE_ROCK [5133] ,188563.27900000004,839.076,,18470.859900000003,,25038.52,34123.469999999994,,19296.9,204309.952,929.3496,,83.015,296.7428,174.5684,,103000.,,,2300.,,,,,,,,,,900.,,,,,,,,,,,,,,,,,,,,,,,,,,,,,,,,,,,,,,,,,,,,,,,,,,,,,,,,,,,,,,,,,,,,,,,,,,,,,,,,,,,,,,,,,,,,,,,,,,,,,,,,,,,,,,,,,,162428,
[5133],ARCHEAN CRATON (INCLUDING GREENSTONE BELTS),KAAPVAAL CRATON_ARCHEAN / BARBERTON GREENSTONE BELT / STOLZBURG LAYERED ULTRAMAFIC COMPLEX,,-25.78,-25.78,31.05,31.05,SUBAERIAL,,,s DH84 [5133],NOT GIVEN [5133],,,,ARCHEAN [5133],,,,,PLUTONIC ROCK,,,EXTENSIVELY ALTERED,,WHOLE_ROCK [5133] ,188376.305,659.274,,19317.661500000002,,28885.219999999998,28449.18,,7790.2300000000005,208048.8,1239.1328,,166.03,1557.8997,174.5684,,110399.99999999999,,,3900.,,,,,,,,,,1200.,,,,,,,,,,,,,,,,,,,,,,,,,,,,,,,,,,,,,,,,,,,,,,,,,,,,,,,,,,,,,,,,,,,,,,,,,,,,,,,,,,,,,,,,,,,,,,,,,,,,,,,,,,,,,,,,,,162429,
[5133],ARCHEAN CRATON (INCLUDING GREENSTONE BELTS),KAAPVAAL CRATON_ARCHEAN / BARBERTON GREENSTONE BELT / STOLZBURG LAYERED ULTRAMAFIC COMPLEX,,-25.78,-25.78,31.05,31.05,SUBAERIAL,,,s DH86 [5133],NOT GIVEN [5133],,,,ARCHEAN [5133],,,,,PLUTONIC ROCK,,,EXTENSIVELY ALTERED,,WHOLE_ROCK [5133] ,190246.04500000004,479.472,,12225.698100000001,,22660.56,28371.45,,1715.28,218782.91199999998,1006.7954,,0.,222.5571,130.9263,,121400.,,,6100.,,,,,,,,,,800.,,,,,,,,,,,,,,,,,,,,,,,,,,,,,,,,,,,,,,,,,,,,,,,,,,,,,,,,,,,,,,,,,,,,,,,,,,,,,,,,,,,,,,,,,,,,,,,,,,,,,,,,,,,,,,,,,,162430,
[5133],ARCHEAN CRATON (INCLUDING GREENSTONE BELTS),KAAPVAAL CRATON_ARCHEAN / BARBERTON GREENSTONE BELT / STOLZBURG LAYERED ULTRAMAFIC COMPLEX,,-25.78,-25.78,31.05,31.05,SUBAERIAL,,,s DH90 [5133],NOT GIVEN [5133],,,,ARCHEAN [5133],,,,,PLUTONIC ROCK,,,EXTENSIVELY ALTERED,,WHOLE_ROCK [5133] ,194125.75550000003,1078.812,,21752.2161,,18953.739999999998,45549.780000000006,,23870.98,187786.656,1239.1328,,249.045,296.7428,174.5684,,100000,,,1700.0000000000002,,,,,,,,,,600.,,,,,,,,,,,,,,,,,,,,,,,,,,,,,,,,,,,,,,,,,,,,,,,,,,,,,,,,,,,,,,,,,,,,,,,,,,,,,,,,,,,,,,,,,,,,,,,,,,,,,,,,,,,,,,,,,,162431,
[5133],ARCHEAN CRATON (INCLUDING GREENSTONE BELTS),KAAPVAAL CRATON_ARCHEAN / BARBERTON GREENSTONE BELT / STOLZBURG LAYERED ULTRAMAFIC COMPLEX,,-25.78,-25.78,31.05,31.05,SUBAERIAL,,,s SS20 [5133],NOT GIVEN [5133],,,,ARCHEAN [5133],,,,,PLUTONIC ROCK,,,EXTENSIVELY ALTERED,,WHOLE_ROCK [5133] ,211374.10700000002,539.406,,10902.570600000001,,19932.9,56198.79,,17152.8,182479.904,1471.4702,,166.03,296.7428,174.5684,,86500.,,,2600.,,,,,,,,,,700.0000000000001,,,,,,,,,,,,,,,,,,,,,,,,,,,,,,,,,,,,,,,,,,,,,,,,,,,,,,,,,,,,,,,,,,,,,,,,,,,,,,,,,,,,,,,,,,,,,,,,,,,,,,,,,,,,,,,,,,162432,
[5133],ARCHEAN CRATON (INCLUDING GREENSTONE BELTS),KAAPVAAL CRATON_ARCHEAN / BARBERTON GREENSTONE BELT / STOLZBURG LAYERED ULTRAMAFIC COMPLEX,,-25.78,-25.78,31.05,31.05,SUBAERIAL,,,s SS39 [5133],NOT GIVEN [5133],,,,ARCHEAN [5133],,,,,PLUTONIC ROCK,,,EXTENSIVELY ALTERED,,WHOLE_ROCK [5133] ,188843.74000000002,299.67,,4022.3076,,41684.24,26195.010000000002,,214.41,221255.37599999996,851.9038,,83.015,222.5571,130.9263,,115399.99999999999,,,1100.,,,,,,,,,,0,,,,,,,,,,,,,,,,,,,,,,,,,,,,,,,,,,,,,,,,,,,,,,,,,,,,,,,,,,,,,,,,,,,,,,,,,,,,,,,,,,,,,,,,,,,,,,,,,,,,,,,,,,,,,,,,,,162433,
[5133],ARCHEAN CRATON (INCLUDING GREENSTONE BELTS),KAAPVAAL CRATON_ARCHEAN / BARBERTON GREENSTONE BELT / STOLZBURG LAYERED ULTRAMAFIC COMPLEX,,-25.78,-25.78,31.05,31.05,SUBAERIAL,,,s SS45 [5133],NOT GIVEN [5133],,,,ARCHEAN [5133],,,,,PLUTONIC ROCK,,,EXTENSIVELY ALTERED,,WHOLE_ROCK [5133] ,175428.3555,239.736,,2752.1052000000004,,22450.739999999998,22930.350000000002,,142.94,224210.272,542.1206000000001,,0.,222.5571,87.2842,,106000.,,,72700.,,,,,,,,,,700.0000000000001,,,,,,,,,,,,,,,,,,,,,,,,,,,,,,,,,,,,,,,,,,,,,,,,,,,,,,,,,,,,,,,,,,,,,,,,,,,,,,,,,,,,,,,,,,,,,,,,,,,,,,,,,,,,,,,,,,162434,
[5133],ARCHEAN CRATON (INCLUDING GREENSTONE BELTS),KAAPVAAL CRATON_ARCHEAN / BARBERTON GREENSTONE BELT / STOLZBURG LAYERED ULTRAMAFIC COMPLEX,,-25.78,-25.78,31.05,31.05,SUBAERIAL,,,s DH3 [5133],ORTHOPYROXENITE [5133],,,,ARCHEAN [5133],,,,,PLUTONIC ROCK,,,EXTENSIVELY ALTERED,,WHOLE_ROCK [5133] ,244795.7095,359.604,,6139.3116,,7483.580000000001,38476.35,,7504.35,191103.376,1084.2412000000002,,581.105,296.7428,130.9263,,60700.,,,6500.,,,,,,,,,,600.,,,,,,,,,,,,,,,,,,,,,,,,,,,,,,,,,,,,,,,,,,,,,,,,,,,,,,,,,,,,,,,,,,,,,,,,,,,,,,,,,,,,,,,,,,,,,,,,,,,,,,,,,,,,,,,,,,162435,
[5133],ARCHEAN CRATON (INCLUDING GREENSTONE BELTS),KAAPVAAL CRATON_ARCHEAN / BARBERTON GREENSTONE BELT / STOLZBURG LAYERED ULTRAMAFIC COMPLEX,,-25.78,-25.78,31.05,31.05,SUBAERIAL,,,s DH4 [5133],ORTHOPYROXENITE [5133],,,,ARCHEAN [5133],,,,,PLUTONIC ROCK,,,EXTENSIVELY ALTERED,,WHOLE_ROCK [5133] ,235166.54850000003,359.604,,4763.259,,11749.92,42362.85,,19225.43,179464.704,1626.3618,,249.045,296.7428,130.9263,,82500.,,,1100.,,,,,,,,,,5000.,,,,,,,,,,,,,,,,,,,,,,,,,,,,,,,,,,,,,,,,,,,,,,,,,,,,,,,,,,,,,,,,,,,,,,,,,,,,,,,,,,,,,,,,,,,,,,,,,,,,,,,,,,,,,,,,,,162436,
[5133],ARCHEAN CRATON (INCLUDING GREENSTONE BELTS),KAAPVAAL CRATON_ARCHEAN / BARBERTON GREENSTONE BELT / STOLZBURG LAYERED ULTRAMAFIC COMPLEX,,-25.78,-25.78,31.05,31.05,SUBAERIAL,,,s DH7 [5133],ORTHOPYROXENITE [5133],,,,ARCHEAN [5133],,,,,PLUTONIC ROCK,,,EXTENSIVELY ALTERED,,WHOLE_ROCK [5133] ,245870.81000000003,599.34,,9420.667800000001,,6714.24,47182.11,,18939.55,173072.47999999998,1239.1328,,1328.24,593.4856,87.2842,,49500.,,,300.,,,,,,,,,,0,,,,,,,,,,,,,,,,,,,,,,,,,,,,,,,,,,,,,,,,,,,,,,,,,,,,,,,,,,,,,,,,,,,,,,,,,,,,,,,,,,,,,,,,,,,,,,,,,,,,,,,,,,,,,,,,,,162437,
[5133],ARCHEAN CRATON (INCLUDING GREENSTONE BELTS),KAAPVAAL CRATON_ARCHEAN / BARBERTON GREENSTONE BELT / STOLZBURG LAYERED ULTRAMAFIC COMPLEX,,-25.78,-25.78,31.05,31.05,SUBAERIAL,,,s DH8 [5133],ORTHOPYROXENITE [5133],,,,ARCHEAN [5133],,,,,PLUTONIC ROCK,,,EXTENSIVELY ALTERED,,WHOLE_ROCK [5133] ,243720.60900000003,659.274,,10743.7953,,7343.700000000001,53555.969999999994,,16295.159999999998,173313.69599999997,1394.0244,,2241.405,296.7428,174.5684,,55800.,,,1000.,,,,,,,,,,600.,,,,,,,,,,,,,,,,,,,,,,,,,,,,,,,,,,,,,,,,,,,,,,,,,,,,,,,,,,,,,,,,,,,,,,,,,,,,,,,,,,,,,,,,,,,,,,,,,,,,,,,,,,,,,,,,,,162438,
[5133],ARCHEAN CRATON (INCLUDING GREENSTONE BELTS),KAAPVAAL CRATON_ARCHEAN / BARBERTON GREENSTONE BELT / STOLZBURG LAYERED ULTRAMAFIC COMPLEX,,-25.78,-25.78,31.05,31.05,SUBAERIAL,,,s DH62 [5133],ORTHOPYROXENITE [5133],,,,ARCHEAN [5133],,,,,PLUTONIC ROCK,,,EXTENSIVELY ALTERED,,WHOLE_ROCK [5133] ,253022.56550000003,599.34,,11484.7467,,4476.16,58919.340000000004,,14722.82,182057.77599999998,1548.9160000000002,,1577.285,296.7428,174.5684,,20299.999999999996,,,700.0000000000001,,,,,,,,,,400.,,,,,,,,,,,,,,,,,,,,,,,,,,,,,,,,,,,,,,,,,,,,,,,,,,,,,,,,,,,,,,,,,,,,,,,,,,,,,,,,,,,,,,,,,,,,,,,,,,,,,,,,,,,,,,,,,,162439,
[5133],ARCHEAN CRATON (INCLUDING GREENSTONE BELTS),KAAPVAAL CRATON_ARCHEAN / BARBERTON GREENSTONE BELT / STOLZBURG LAYERED ULTRAMAFIC COMPLEX,,-25.78,-25.78,31.05,31.05,SUBAERIAL,,,s DH63 [5133],ORTHOPYROXENITE [5133],,,,ARCHEAN [5133],,,,,PLUTONIC ROCK,,,EXTENSIVELY ALTERED,,WHOLE_ROCK [5133] ,245590.34900000002,659.274,,12807.8742,,4336.28,64127.25,,20583.36,176630.416,1626.3618,,664.12,296.7428,174.5684,,29300.,,,700.0000000000001,,,,,,,,,,500.,,,,,,,,,,,,,,,,,,,,,,,,,,,,,,,,,,,,,,,,,,,,,,,,,,,,,,,,,,,,,,,,,,,,,,,,,,,,,,,,,,,,,,,,,,,,,,,,,,,,,,,,,,,,,,,,,,162440,
[5133],ARCHEAN CRATON (INCLUDING GREENSTONE BELTS),KAAPVAAL CRATON_ARCHEAN / BARBERTON GREENSTONE BELT / STOLZBURG LAYERED ULTRAMAFIC COMPLEX,,-25.78,-25.78,31.05,31.05,SUBAERIAL,,,s DH66 [5133],ORTHOPYROXENITE [5133],,,,ARCHEAN [5133],,,,,PLUTONIC ROCK,,,EXTENSIVELY ALTERED,,WHOLE_ROCK [5133] ,240355.07700000002,659.274,,13548.8256,,5525.26,49980.39,,33447.96,178741.05599999998,1394.0244,,913.165,296.7428,174.5684,,33300.,,,900.,,,,,,,,,,400.,,,,,,,,,,,,,,,,,,,,,,,,,,,,,,,,,,,,,,,,,,,,,,,,,,,,,,,,,,,,,,,,,,,,,,,,,,,,,,,,,,,,,,,,,,,,,,,,,,,,,,,,,,,,,,,,,,162441,
[5133],ARCHEAN CRATON (INCLUDING GREENSTONE BELTS),KAAPVAAL CRATON_ARCHEAN / BARBERTON GREENSTONE BELT / STOLZBURG LAYERED ULTRAMAFIC COMPLEX,,-25.78,-25.78,31.05,31.05,SUBAERIAL,,,s SS4 [5133],ORTHOPYROXENITE [5133],,,,ARCHEAN [5133],,,,,PLUTONIC ROCK,,,EXTENSIVELY ALTERED,,WHOLE_ROCK [5133] ,253303.0265,479.472,,8573.8662,,4685.9800000000005,51768.18,,12078.43,189113.34399999998,1394.0244,,1245.225,296.7428,130.9263,,26600.,,,700.0000000000001,,,,,,,,,,400.,,,,,,,,,,,,,,,,,,,,,,,,,,,,,,,,,,,,,,,,,,,,,,,,,,,,,,,,,,,,,,,,,,,,,,,,,,,,,,,,,,,,,,,,,,,,,,,,,,,,,,,,,,,,,,,,,,162443,
[5133],ARCHEAN CRATON (INCLUDING GREENSTONE BELTS),KAAPVAAL CRATON_ARCHEAN / BARBERTON GREENSTONE BELT / STOLZBURG LAYERED ULTRAMAFIC COMPLEX,,-25.78,-25.78,31.05,31.05,SUBAERIAL,,,s SS9 [5133],ORTHOPYROXENITE [5133],,,,ARCHEAN [5133],,,,,PLUTONIC ROCK,,,EXTENSIVELY ALTERED,,WHOLE_ROCK [5133] ,256060.893,419.538,,7727.0646,,2797.6000000000004,47259.840000000004,,9434.04,199063.504,1394.0244,,830.1500000000001,296.7428,130.9263,,18500.,,,800.,,,,,,,,,,500.,,,,,,,,,,,,,,,,,,,,,,,,,,,,,,,,,,,,,,,,,,,,,,,,,,,,,,,,,,,,,,,,,,,,,,,,,,,,,,,,,,,,,,,,,,,,,,,,,,,,,,,,,,,,,,,,,,162444,
[5133],ARCHEAN CRATON (INCLUDING GREENSTONE BELTS),KAAPVAAL CRATON_ARCHEAN / BARBERTON GREENSTONE BELT / STOLZBURG LAYERED ULTRAMAFIC COMPLEX,,-25.78,-25.78,31.05,31.05,SUBAERIAL,,,s SS11 [5133],ORTHOPYROXENITE [5133],,,,ARCHEAN [5133],,,,,PLUTONIC ROCK,,,EXTENSIVELY ALTERED,,WHOLE_ROCK [5133] ,245870.81000000003,359.604,,5133.7347,,7063.9400000000005,44772.479999999996,,7718.76,186942.4,1161.687,,332.06,296.7428,87.2842,,74300.,,,200.,,,,,,,,,,0,,,,,,,,,,,,,,,,,,,,,,,,,,,,,,,,,,,,,,,,,,,,,,,,,,,,,,,,,,,,,,,,,,,,,,,,,,,,,,,,,,,,,,,,,,,,,,,,,,,,,,,,,,,,,,,,,,162445,
[5133],ARCHEAN CRATON (INCLUDING GREENSTONE BELTS),KAAPVAAL CRATON_ARCHEAN / BARBERTON GREENSTONE BELT / STOLZBURG LAYERED ULTRAMAFIC COMPLEX,,-25.78,-25.78,31.05,31.05,SUBAERIAL,,,s SS12 [5133],ORTHOPYROXENITE [5133],,,,ARCHEAN [5133],,,,,PLUTONIC ROCK,,,EXTENSIVELY ALTERED,,WHOLE_ROCK [5133] ,256154.38,359.604,,6298.0869,,6364.54,49436.280000000006,,8790.81,195988.,1316.5786,,664.12,370.9285,87.2842,,11000.,,,300.,,,,,,,,,,0,,,,,,,,,,,,,,,,,,,,,,,,,,,,,,,,,,,,,,,,,,,,,,,,,,,,,,,,,,,,,,,,,,,,,,,,,,,,,,,,,,,,,,,,,,,,,,,,,,,,,,,,,,,,,,,,,,162446,
[5133],ARCHEAN CRATON (INCLUDING GREENSTONE BELTS),KAAPVAAL CRATON_ARCHEAN / BARBERTON GREENSTONE BELT / STOLZBURG LAYERED ULTRAMAFIC COMPLEX,,-25.78,-25.78,31.05,31.05,SUBAERIAL,,,s SS13 [5133],ORTHOPYROXENITE [5133],,,,ARCHEAN [5133],,,,,PLUTONIC ROCK,,,EXTENSIVELY ALTERED,,WHOLE_ROCK [5133] ,258024.12000000002,359.604,,6456.8622000000005,,7203.820000000001,51224.07,,8576.4,192972.8,1316.5786,,664.12,519.2999,87.2842,,7000.,,,100.,,,,,,,,,,0,,,,,,,,,,,,,,,,,,,,,,,,,,,,,,,,,,,,,,,,,,,,,,,,,,,,,,,,,,,,,,,,,,,,,,,,,,,,,,,,,,,,,,,,,,,,,,,,,,,,,,,,,,,,,,,,,,162447,
[5133],ARCHEAN CRATON (INCLUDING GREENSTONE BELTS),KAAPVAAL CRATON_ARCHEAN / BARBERTON GREENSTONE BELT / STOLZBURG LAYERED ULTRAMAFIC COMPLEX,,-25.78,-25.78,31.05,31.05,SUBAERIAL,,,s SS14 [5133],ORTHOPYROXENITE [5133],,,,ARCHEAN [5133],,,,,PLUTONIC ROCK,,,EXTENSIVELY ALTERED,,WHOLE_ROCK [5133] ,250077.725,299.67,,5133.7347,,9581.78,37232.67,,7218.47,180308.96,929.3496,,166.03,593.4856,43.6421,,77300.,,,1400.0000000000002,,,,,,,,,,0,,,,,,,,,,,,,,,,,,,,,,,,,,,,,,,,,,,,,,,,,,,,,,,,,,,,,,,,,,,,,,,,,,,,,,,,,,,,,,,,,,,,,,,,,,,,,,,,,,,,,,,,,,,,,,,,,,162448,
[5133],ARCHEAN CRATON (INCLUDING GREENSTONE BELTS),KAAPVAAL CRATON_ARCHEAN / BARBERTON GREENSTONE BELT / STOLZBURG LAYERED ULTRAMAFIC COMPLEX,,-25.78,-25.78,31.05,31.05,SUBAERIAL,,,s SS18 [5133],ORTHOPYROXENITE [5133],,,,ARCHEAN [5133],,,,,PLUTONIC ROCK,,,EXTENSIVELY ALTERED,,WHOLE_ROCK [5133] ,241991.09950000004,359.604,,5662.9857,,7063.9400000000005,33890.280000000006,,14436.94,187907.264,1394.0244,,83.015,296.7428,130.9263,,75900.,,,600.,,,,,,,,,,600.,,,,,,,,,,,,,,,,,,,,,,,,,,,,,,,,,,,,,,,,,,,,,,,,,,,,,,,,,,,,,,,,,,,,,,,,,,,,,,,,,,,,,,,,,,,,,,,,,,,,,,,,,,,,,,,,,,162449,
[5133],ARCHEAN CRATON (INCLUDING GREENSTONE BELTS),KAAPVAAL CRATON_ARCHEAN / BARBERTON GREENSTONE BELT / STOLZBURG LAYERED ULTRAMAFIC COMPLEX,,-25.78,-25.78,31.05,31.05,SUBAERIAL,,,s SS19 [5133],ORTHOPYROXENITE [5133],,,,ARCHEAN [5133],,,,,PLUTONIC ROCK,,,EXTENSIVELY ALTERED,,WHOLE_ROCK [5133] ,256014.14950000003,419.538,,7462.4391,,2587.7799999999997,47415.299999999996,,9505.51,199606.24,1316.5786,,913.165,296.7428,130.9263,,18000.,,,900.,,,,,,,,,,500.,,,,,,,,,,,,,,,,,,,,,,,,,,,,,,,,,,,,,,,,,,,,,,,,,,,,,,,,,,,,,,,,,,,,,,,,,,,,,,,,,,,,,,,,,,,,,,,,,,,,,,,,,,,,,,,,,,162450,
[5133],ARCHEAN CRATON (INCLUDING GREENSTONE BELTS),KAAPVAAL CRATON_ARCHEAN / BARBERTON GREENSTONE BELT / STOLZBURG LAYERED ULTRAMAFIC COMPLEX,,-25.78,-25.78,31.05,31.05,SUBAERIAL,,,s SS30 [5133],ORTHOPYROXENITE [5133],,,,ARCHEAN [5133],,,,,PLUTONIC ROCK,,,EXTENSIVELY ALTERED,,WHOLE_ROCK [5133] ,252274.66950000002,419.538,,6033.4614,,6644.299999999999,42984.69,,8147.579999999999,196410.128,1239.1328,,415.07500000000005,296.7428,130.9263,,34700.,,,2500.,,,,,,,,,,700.0000000000001,,,,,,,,,,,,,,,,,,,,,,,,,,,,,,,,,,,,,,,,,,,,,,,,,,,,,,,,,,,,,,,,,,,,,,,,,,,,,,,,,,,,,,,,,,,,,,,,,,,,,,,,,,,,,,,,,,162451,
[5133],ARCHEAN CRATON (INCLUDING GREENSTONE BELTS),KAAPVAAL CRATON_ARCHEAN / BARBERTON GREENSTONE BELT / STOLZBURG LAYERED ULTRAMAFIC COMPLEX,,-25.78,-25.78,31.05,31.05,SUBAERIAL,,,s SS32 [5133],ORTHOPYROXENITE [5133],,,,ARCHEAN [5133],,,,,PLUTONIC ROCK,,,EXTENSIVELY ALTERED,,WHOLE_ROCK [5133] ,245309.888,359.604,,5027.8845,,6154.72,42751.5,,6789.65,184289.02399999998,1161.687,,166.03,296.7428,130.9263,,76800.,,,1200.,,,,,,,,,,600.,,,,,,,,,,,,,,,,,,,,,,,,,,,,,,,,,,,,,,,,,,,,,,,,,,,,,,,,,,,,,,,,,,,,,,,,,,,,,,,,,,,,,,,,,,,,,,,,,,,,,,,,,,,,,,,,,,162452,
[5133],ARCHEAN CRATON (INCLUDING GREENSTONE BELTS),KAAPVAAL CRATON_ARCHEAN / BARBERTON GREENSTONE BELT / STOLZBURG LAYERED ULTRAMAFIC COMPLEX,,-25.78,-25.78,31.05,31.05,SUBAERIAL,,,s SS35 [5133],ORTHOPYROXENITE [5133],,,,ARCHEAN [5133],,,,,PLUTONIC ROCK,,,EXTENSIVELY ALTERED,,WHOLE_ROCK [5133] ,247273.11500000002,539.406,,7197.8136,,5944.9,54488.729999999996,,10220.21,182479.904,1471.4702,,747.135,296.7428,130.9263,,50199.99999999999,,,1700.0000000000002,,,,,,,,,,700.0000000000001,,,,,,,,,,,,,,,,,,,,,,,,,,,,,,,,,,,,,,,,,,,,,,,,,,,,,,,,,,,,,,,,,,,,,,,,,,,,,,,,,,,,,,,,,,,,,,,,,,,,,,,,,,,,,,,,,,162453,
[5133],ARCHEAN CRATON (INCLUDING GREENSTONE BELTS),KAAPVAAL CRATON_ARCHEAN / BARBERTON GREENSTONE BELT / STOLZBURG LAYERED ULTRAMAFIC COMPLEX,,-25.78,-25.78,31.05,31.05,SUBAERIAL,,,s SS40 [5133],ORTHOPYROXENITE [5133],,,,ARCHEAN [5133],,,,,PLUTONIC ROCK,,,EXTENSIVELY ALTERED,,WHOLE_ROCK [5133] ,230585.68550000002,599.34,,7991.690100000001,,13288.599999999999,48425.79,,26515.37,172831.264,1703.8076,,166.03,296.7428,174.5684,,74200.,,,2100.,,,,,,,,,,600.,,,,,,,,,,,,,,,,,,,,,,,,,,,,,,,,,,,,,,,,,,,,,,,,,,,,,,,,,,,,,,,,,,,,,,,,,,,,,,,,,,,,,,,,,,,,,,,,,,,,,,,,,,,,,,,,,,162454,
[5133],ARCHEAN CRATON (INCLUDING GREENSTONE BELTS),KAAPVAAL CRATON_ARCHEAN / BARBERTON GREENSTONE BELT / STOLZBURG LAYERED ULTRAMAFIC COMPLEX,,-25.78,-25.78,31.05,31.05,SUBAERIAL,,,s DH12 [5133],WEBSTERITE [5133],,,,ARCHEAN [5133],,,,,PLUTONIC ROCK,,,EXTENSIVELY ALTERED,,WHOLE_ROCK [5133] ,203801.66000000003,5573.862,,33078.1875,,12589.2,86358.03,,103059.74,102697.712,1703.8076,,332.06,1557.8997,654.6315,,39400.,,,200.,,,,,,,,,,,,,,,,,,,,,,,,,,,,,,,,,,,,,,,,,,,,,,,,,,,,,,,,,,,,,,,,,,,,,,,,,,,,,,,,,,,,,,,,,,,,,,,,,,,,,,,,,,,,,,,,,,,,,,,,,,,,162455,
[5133],ARCHEAN CRATON (INCLUDING GREENSTONE BELTS),KAAPVAAL CRATON_ARCHEAN / BARBERTON GREENSTONE BELT / STOLZBURG LAYERED ULTRAMAFIC COMPLEX,,-25.78,-25.78,31.05,31.05,SUBAERIAL,,,s DH72 [5133],WEBSTERITE [5133],,,,ARCHEAN [5133],,,,,PLUTONIC ROCK,,,EXTENSIVELY ALTERED,,WHOLE_ROCK [5133] ,228155.02350000004,1018.878,,26409.624900000003,,7203.820000000001,51534.99,,72399.11,139664.06399999998,851.9038,,415.07500000000005,296.7428,261.8526,,44000.,,,800.,,,,,,,,,,600.,,,,,,,,,,,,,,,,,,,,,,,,,,,,,,,,,,,,,,,,,,,,,,,,,,,,,,,,,,,,,,,,,,,,,,,,,,,,,,,,,,,,,,,,,,,,,,,,,,,,,,,,,,,,,,,,,,162456,
[5133],ARCHEAN CRATON (INCLUDING GREENSTONE BELTS),KAAPVAAL CRATON_ARCHEAN / BARBERTON GREENSTONE BELT / STOLZBURG LAYERED ULTRAMAFIC COMPLEX,,-25.78,-25.78,31.05,31.05,SUBAERIAL,,,s DH80 [5133],WEBSTERITE [5133],,,,ARCHEAN [5133],,,,,PLUTONIC ROCK,,,EXTENSIVELY ALTERED,,WHOLE_ROCK [5133] ,247553.57600000003,1738.0859999999998,,27785.6775,,7343.700000000001,52390.020000000004,,84834.89,105290.784,1394.0244,,1079.195,8308.7984,261.8526,,23400.,,,2100.,,,,,,,,,,100.,,,,,,,,,,,,,,,,,,,,,,,,,,,,,,,,,,,,,,,,,,,,,,,,,,,,,,,,,,,,,,,,,,,,,,,,,,,,,,,,,,,,,,,,,,,,,,,,,,,,,,,,,,,,,,,,,,162457,
[5133],ARCHEAN CRATON (INCLUDING GREENSTONE BELTS),KAAPVAAL CRATON_ARCHEAN / BARBERTON GREENSTONE BELT / STOLZBURG LAYERED ULTRAMAFIC COMPLEX,,-25.78,-25.78,31.05,31.05,SUBAERIAL,,,s DH14A [5133],WEBSTERITE [5133],,,,ARCHEAN [5133],,,,,PLUTONIC ROCK,,,EXTENSIVELY ALTERED,,WHOLE_ROCK [5133] ,242925.9695,1558.2839999999999,,32972.33730000001,,5874.96,59618.909999999996,,80260.81,100044.336,1084.2412000000002,,3237.585,8605.5412,261.8526,,26500.,,,5100.,,,,,,,,,,100.,,,,,,,,,,,,,,,,,,,,,,,,,,,,,,,,,,,,,,,,,,,,,,,,,,,,,,,,,,,,,,,,,,,,,,,,,,,,,,,,,,,,,,,,,,,,,,,,,,,,,,,,,,,,,,,,,,162458,
[5133],ARCHEAN CRATON (INCLUDING GREENSTONE BELTS),KAAPVAAL CRATON_ARCHEAN / BARBERTON GREENSTONE BELT / STOLZBURG LAYERED ULTRAMAFIC COMPLEX,,-25.78,-25.78,31.05,31.05,SUBAERIAL,,,s DH24 [5133],WEBSTERITE [5133],,,,ARCHEAN [5133],,,,,PLUTONIC ROCK,,,EXTENSIVELY ALTERED,,WHOLE_ROCK [5133] ,249142.855,2337.426,,32760.636900000005,,10980.58,60940.32,,86693.11,88465.968,1394.0244,,664.12,10756.9265,349.1368,,21300.,,,300.,,,,,,,,,,,,,,,,,,,,,,,,,,,,,,,,,,,,,,,,,,,,,,,,,,,,,,,,,,,,,,,,,,,,,,,,,,,,,,,,,,,,,,,,,,,,,,,,,,,,,,,,,,,,,,,,,,,,,,,,,,,,162459,
[5133],ARCHEAN CRATON (INCLUDING GREENSTONE BELTS),KAAPVAAL CRATON_ARCHEAN / BARBERTON GREENSTONE BELT / STOLZBURG LAYERED ULTRAMAFIC COMPLEX,,-25.78,-25.78,31.05,31.05,SUBAERIAL,,,s DH88 [5133],GABBRO [5133],,,,ARCHEAN [5133],,,,,PLUTONIC ROCK,,,EXTENSIVELY ALTERED,,WHOLE_ROCK [5133] ,243066.2,2996.7,,49220.34300000001,,8462.74,67702.83,,60320.67999999999,84727.12,1394.0244,,664.12,14762.9543,392.77889999999996,,31600.,,,1300.,,,,,,,,,,400.,,,,,,,,,,,,,,,,,,,,,,,,,,,,,,,,,,,,,,,,,,,,,,,,,,,,,,,,,,,,,,,,,,,,,,,,,,,,,,,,,,,,,,,,,,,,,,,,,,,,,,,,,,,,,,,,,,162460,
[5133],ARCHEAN CRATON (INCLUDING GREENSTONE BELTS),KAAPVAAL CRATON_ARCHEAN / BARBERTON GREENSTONE BELT / STOLZBURG LAYERED ULTRAMAFIC COMPLEX,,-25.78,-25.78,31.05,31.05,SUBAERIAL,,,s DH89 [5133],GABBRO [5133],,,,ARCHEAN [5133],,,,,PLUTONIC ROCK,,,EXTENSIVELY ALTERED,,WHOLE_ROCK [5133] ,247086.141,2816.8979999999997,,49114.4928,,10141.3,68091.48,,66252.69,69892.336,1239.1328,,1494.27,19659.210499999997,349.1368,,22100.,,,7100.,,,,,,,,,,4700.,,,,,,,,,,,,,,,,,,,,,,,,,,,,,,,,,,,,,,,,,,,,,,,,,,,,,,,,,,,,,,,,,,,,,,,,,,,,,,,,,,,,,,,,,,,,,,,,,,,,,,,,,,,,,,,,,,162461,
[5133],ARCHEAN CRATON (INCLUDING GREENSTONE BELTS),KAAPVAAL CRATON_ARCHEAN / BARBERTON GREENSTONE BELT / STOLZBURG LAYERED ULTRAMAFIC COMPLEX,,-25.78,-25.78,31.05,31.05,SUBAERIAL,,,s DH14B [5133],GABBRO [5133],,,,ARCHEAN [5133],,,,,PLUTONIC ROCK,,,EXTENSIVELY ALTERED,,WHOLE_ROCK [5133] ,247179.62800000003,1798.0199999999998,,58693.935900000004,,9651.72,42596.04,,74257.33,75802.128,851.9038,,1826.33,21958.9672,261.8526,,23600.,,,800.,,,,,,,,,,,,,,,,,,,,,,,,,,,,,,,,,,,,,,,,,,,,,,,,,,,,,,,,,,,,,,,,,,,,,,,,,,,,,,,,,,,,,,,,,,,,,,,,,,,,,,,,,,,,,,,,,,,,,,,,,,,,162462,
[5133],ARCHEAN CRATON (INCLUDING GREENSTONE BELTS),KAAPVAAL CRATON_ARCHEAN / BARBERTON GREENSTONE BELT / STOLZBURG LAYERED ULTRAMAFIC COMPLEX,,-25.78,-25.78,31.05,31.05,SUBAERIAL,,,s DH19 [5133],GABBRO [5133],,,,ARCHEAN [5133],,,,,PLUTONIC ROCK,,,EXTENSIVELY ALTERED,,WHOLE_ROCK [5133] ,249283.08550000002,2876.832,,64939.0977,,7833.280000000001,71278.41,,59605.979999999996,52886.60799999999,1161.687,,5894.065,22775.009899999997,392.77889999999996,,23000.,,,1200.,,,,,,,,,,,,,,,,,,,,,,,,,,,,,,,,,,,,,,,,,,,,,,,,,,,,,,,,,,,,,,,,,,,,,,,,,,,,,,,,,,,,,,,,,,,,,,,,,,,,,,,,,,,,,,,,,,,,,,,,,,,,162463,
[5133],ARCHEAN CRATON (INCLUDING GREENSTONE BELTS),KAAPVAAL CRATON_ARCHEAN / BARBERTON GREENSTONE BELT / STOLZBURG LAYERED ULTRAMAFIC COMPLEX,,-25.78,-25.78,31.05,31.05,SUBAERIAL,,,s DH85 [5133],GABBRO [5133],,,,ARCHEAN [5133],,,,,PLUTONIC ROCK,,,EXTENSIVELY ALTERED,,WHOLE_ROCK [5133] ,250638.647,3715.908,,82086.8301,,8113.039999999999,57364.74,,48814.01,37991.52,1006.7954,,1079.195,42360.0347,392.77889999999996,,23900.,,,900.,,,,,,,,,,400.,,,,,,,,,,,,,,,,,,,,,,,,,,,,,,,,,,,,,,,,,,,,,,,,,,,,,,,,,,,,,,,,,,,,,,,,,,,,,,,,,,,,,,,,,,,,,,,,,,,,,,,,,,,,,,,,,,162464,
[5133],ARCHEAN CRATON (INCLUDING GREENSTONE BELTS),KAAPVAAL CRATON_ARCHEAN / BARBERTON GREENSTONE BELT / STOLZBURG LAYERED ULTRAMAFIC COMPLEX,,-25.78,-25.78,31.05,31.05,SUBAERIAL,,,s DH91 [5133],GABBRO [5133],,,,ARCHEAN [5133],,,,,PLUTONIC ROCK,,,EXTENSIVELY ALTERED,,WHOLE_ROCK [5133] ,256621.815,4075.512,,69331.881,,16156.140000000001,49047.63,,76901.72,37267.871999999996,697.0122,,1079.195,21217.1102,480.0631,,16000.,,,100.,,,,,,,,,,,,,,,,,,,,,,,,,,,,,,,,,,,,,,,,,,,,,,,,,,,,,,,,,,,,,,,,,,,,,,,,,,,,,,,,,,,,,,,,,,,,,,,,,,,,,,,,,,,,,,,,,,,,,,,,,,,,162465,
[5133],ARCHEAN CRATON (INCLUDING GREENSTONE BELTS),KAAPVAAL CRATON_ARCHEAN / BARBERTON GREENSTONE BELT / STOLZBURG LAYERED ULTRAMAFIC COMPLEX,,-25.78,-25.78,31.05,31.05,SUBAERIAL,,,s HD2 [5133],GABBRO [5133],,,,ARCHEAN [5133],,,,,PLUTONIC ROCK,,,EXTENSIVELY ALTERED,,WHOLE_ROCK [5133] ,265970.515,3236.436,,70072.8324,,11330.28,25029.06,,71112.65,40041.85599999999,697.0122,,1245.225,37612.149900000004,174.5684,,14100.,,,1800.,,,,,,,,,,,,,,,,,,,,,,,,,,,,,,,,,,,,,,,,,,,,,,,,,,,,,,,,,,,,,,,,,,,,,,,,,,,,,,,,,,,,,,,,,,,,,,,,,,,,,,,,,,,,,,,,,,,,,,,,,,,,162466,
[5133],ARCHEAN CRATON (INCLUDING GREENSTONE BELTS),KAAPVAAL CRATON_ARCHEAN / BARBERTON GREENSTONE BELT / STOLZBURG LAYERED ULTRAMAFIC COMPLEX,,-25.78,-25.78,31.05,31.05,SUBAERIAL,,,s DH17 [5133],GABBRO [5133],,,,ARCHEAN [5133],,,,,PLUTONIC ROCK,,,EXTENSIVELY ALTERED,,WHOLE_ROCK [5133] ,218105.171,4734.786,,38053.14690000001,,15736.5,18732.93,,220056.13,47459.248,1471.4702,,83.015,296.7428,698.2736,,15300.,,,800.,,,,,,,,,,,,,,,,,,,,,,,,,,,,,,,,,,,,,,,,,,,,,,,,,,,,,,,,,,,,,,,,,,,,,,,,,,,,,,,,,,,,,,,,,,,,,,,,,,,,,,,,,,,,,,,,,,,,,,,,,,,,162467,
[5133],ARCHEAN CRATON (INCLUDING GREENSTONE BELTS),KAAPVAAL CRATON_ARCHEAN / BARBERTON GREENSTONE BELT / STOLZBURG LAYERED ULTRAMAFIC COMPLEX,,-25.78,-25.78,31.05,31.05,SUBAERIAL,,,s DH71 [5133],GABBRO [5133],,,,ARCHEAN [5133],,,,,PLUTONIC ROCK,,,EXTENSIVELY ALTERED,,WHOLE_ROCK [5133] ,218245.4015,4674.852,,38000.2218,,16226.079999999998,18344.28,,219555.84,48243.2,1471.4702,,83.015,296.7428,610.9894,,14600.,,,6000.,,,,,,,,,,,,,,,,,,,,,,,,,,,,,,,,,,,,,,,,,,,,,,,,,,,,,,,,,,,,,,,,,,,,,,,,,,,,,,,,,,,,,,,,,,,,,,,,,,,,,,,,,,,,,,,,,,,,,,,,,,,,162468,
[5133],ARCHEAN CRATON (INCLUDING GREENSTONE BELTS),KAAPVAAL CRATON_ARCHEAN / BARBERTON GREENSTONE BELT / STOLZBURG LAYERED ULTRAMAFIC COMPLEX,,-25.78,-25.78,31.05,31.05,SUBAERIAL,,,s DH13 [5133],GABBRO [5133],,,,ARCHEAN [5133],,,,,PLUTONIC ROCK,,,EXTENSIVELY ALTERED,,WHOLE_ROCK [5133] ,201931.92000000004,3476.1719999999996,,60863.865000000005,,21961.16,25650.899999999998,,210121.8,44805.871999999996,1084.2412000000002,,83.015,74.1857,480.0631,,15600.,,,600.,,,,,,,,,,,,,,,,,,,,,,,,,,,,,,,,,,,,,,,,,,,,,,,,,,,,,,,,,,,,,,,,,,,,,,,,,,,,,,,,,,,,,,,,,,,,,,,,,,,,,,,,,,,,,,,,,,,,,,,,,,,,162469,
[5133],ARCHEAN CRATON (INCLUDING GREENSTONE BELTS),KAAPVAAL CRATON_ARCHEAN / NELSHOOGTE PLUTON,,-25.78,-25.78,31.05,31.05,SUBAERIAL,,,s KL6 [5133],TRONDHJEMITE [5133],,,,ARCHEAN [5133],,,,,PLUTONIC ROCK,,,,,WHOLE_ROCK [5133] ,318183.0045,1738.0859999999998,,82192.6803,,2587.7799999999997,14380.050000000001,,23156.280000000002,6512.832,309.7832,,9131.650000000001,42285.849,654.6315,,,,,,,,,,,,,,,,8100.000000000001,,,,,,,,,,,,,,,,,,,,,,,,,,,,,,,,,,,,,,,,,,,47,605,,,,,,,,,,,,,,,,205,,,,,,,,,,,,,,,,,,,,,,,,,,,,,,,,,,,,,,,,,,,,,,,,,,,,,162471,
[5133],ARCHEAN CRATON (INCLUDING GREENSTONE BELTS),KAAPVAAL CRATON_ARCHEAN / NELSHOOGTE PLUTON,,-25.78,-25.78,31.05,31.05,SUBAERIAL,,,s KL7 [5133],TRONDHJEMITE [5133],,,,ARCHEAN [5133],,,,,PLUTONIC ROCK,,,,,WHOLE_ROCK [5133] ,329868.8795,1738.0859999999998,,79440.5751,,2517.8399999999997,14146.86,,21583.94,5246.447999999999,232.3374,,11290.04,41098.8778,567.3473,,,,,,,,,,,,,,,,8200.,,,,,,,,,,,,,,,,,,,,,,,,,,,,,,,,,,,,,,,,,,,17,548,,,,,,,,,,,,,,,,22,,,,,,,,,,,,,,,,,,,,,,,,,,,,,,,,,,,,,,,,,,,,,,,,,,,,,162472,
[5133],ARCHEAN CRATON (INCLUDING GREENSTONE BELTS),KAAPVAAL CRATON_ARCHEAN / NELSHOOGTE PLUTON,,-25.78,-25.78,31.05,31.05,SUBAERIAL,,,s S60 [5133],TRONDHJEMITE [5133],,,,ARCHEAN [5133],,,,,PLUTONIC ROCK,,,,,WHOLE_ROCK [5133] ,330476.54500000004,1258.6139999999998,,80763.7026,,1538.68,8628.03,,19368.37,3256.416,309.7832,,13780.49,36870.29289999999,349.1368,,,,,,,,,,,,,,,,11700.,,,,,,,,,,,,,,,,,,,,,,,,,,,,,,,,,,,,,,,,,,,,,,,,,,,,,,,,,,,,,,,,,,,,,,,,,,,,,,,,,,,,,,,,,,,,,,,,,,,,,,,,,,,,,,,,,162476,
[5133],ARCHEAN CRATON (INCLUDING GREENSTONE BELTS),KAAPVAAL CRATON_ARCHEAN / BARBERTON GREENSTONE BELT / GOEDEHOOP PLUTON,,-25.8,-25.8,31,31,SUBAERIAL,,,s TS16 [5133],NOT GIVEN [5133],,,,ARCHEAN [5133],,,,,PLUTONIC ROCK,,,,,WHOLE_ROCK [5133] ,267559.79400000005,4315.248,,66791.4762,,10351.119999999999,57442.469999999994,,56032.479999999996,35519.056,1471.4702,,12950.34,18546.425,2051.1787,,,,,,,,,,,,,,,,15600.,,,,,,,,,,,,,,,,,,,,,,,,,,,,,,,,,,,,,,,,,,,80,480,,90,,,,,,,,,,,,,,550,,,,,,,,,,,,,,,,,,,,,,,,,,,,,,,,,,,,,,,,,,,,,,,,,,,,,162477,
[5133],ARCHEAN CRATON (INCLUDING GREENSTONE BELTS),KAAPVAAL CRATON_ARCHEAN / KAAP VALLEY PLUTON,,-25.8,-25.8,31,31,SUBAERIAL,,,s NW [5133],GNEISS [5133],,,,ARCHEAN [5133],,,,,METAMORPHIC ROCK,,,,,WHOLE_ROCK [5133] ,311077.9925,2637.096,,84256.7592,,3007.42,16867.41,,27801.83,11638.671999999999,619.5664,,8135.47,34718.9076,698.2736,,,,,,,,,,,,,,,,15600.,,,,,,,,,,,,,,,,,,,,,,,,,,,,,,,,,,,,,,,,,,,34,613,,150,,,,,,,,,,,,,,360,,,,,,,,,,,,,,,,,,,,,,,,,,,,,,,,,,,,,,,,,,,,,,,,,,,,,162478,
[5133],ARCHEAN CRATON (INCLUDING GREENSTONE BELTS),KAAPVAAL CRATON_ARCHEAN / BARBERTON GREENSTONE BELT / NELSHOOGTE SCHIST BELT,MAFIC DIKES,-25.78,-25.78,31.05,31.05,SUBAERIAL,,,s SS15 [5133],DIABASE [5133],2700000000 [5133],3000000000 [5133],,,,,,,PLUTONIC ROCK,,,EXTENSIVELY ALTERED,,WHOLE_ROCK [5133] ,233624.013,1198.68,,67585.3527,,51126.14,6917.97,,53531.03,86898.064,1161.687,,8301.5,11721.3406,392.77889999999996,,37700.,,,800.,,,,,,,,,,400.,,,,,,,,,,,,,,,,,,,,,,,,,,,,,,,,,,,,,,,,,,,,,,,,,,,,,,,,,,,,,,,,,,,,,,,,,,,,,,,,,,,,,,,,,,,,,,,,,,,,,,,,,,,,,,,,,,162479,
[5133],ARCHEAN CRATON (INCLUDING GREENSTONE BELTS),KAAPVAAL CRATON_ARCHEAN / BARBERTON GREENSTONE BELT / NELSHOOGTE SCHIST BELT,MAFIC DIKES,-25.78,-25.78,31.05,31.05,SUBAERIAL,,,s KL5 [5133],DIABASE [5133],2700000000 [5133],3000000000 [5133],,,,,,,PLUTONIC ROCK,,,EXTENSIVELY ALTERED,,WHOLE_ROCK [5133] ,254705.33150000003,2097.6899999999996,,77111.8707,,8252.92,45860.700000000004,,63965.649999999994,46675.296,1161.687,,11788.13,17285.2681,610.9894,,,,,,,,,,,,,,,,22200.000000000004,,,,,,,,,,,,,,,,,,,,,,,,,,,,,,,,,,,,,,,,,,,,,,,,,,,,,,,,,,,,,,,,,,,,,,,,,,,,,,,,,,,,,,,,,,,,,,,,,,,,,,,,,,,,,,,,,162480,
[5133],ARCHEAN CRATON (INCLUDING GREENSTONE BELTS),KAAPVAAL CRATON_ARCHEAN / BARBERTON GREENSTONE BELT / NELSHOOGTE SCHIST BELT,MAFIC DIKES,-25.78,-25.78,31.05,31.05,SUBAERIAL,,,s SS27 [5133],DIABASE [5133],2700000000 [5133],3000000000 [5133],,,,,,,PLUTONIC ROCK,,,EXTENSIVELY ALTERED,,WHOLE_ROCK [5133] ,342442.88100000005,599.34,,44615.859300000004,,2308.02,19587.96,,25371.85,35458.752,464.6748,,1660.3000000000002,33235.1936,218.21050000000002,,8700.,,,700.0000000000001,,,,,,,,,,,,,,,,,,,,,,,,,,,,,,,,,,,,,,,,,,,,,,,,,,,,,,,,,,,,,,,,,,,,,,,,,,,,,,,,,,,,,,,,,,,,,,,,,,,,,,,,,,,,,,,,,,,,,,,,,,,,162481,
[5578],ARCHEAN CRATON (INCLUDING GREENSTONE BELTS),KAAPVAAL CRATON_ARCHEAN / BARBERTON GREENSTONE BELT / ONVERWACHT GROUP / KOMATI FORMATION,"KOMATI TYPE SECTION, EAST OF SPINIFEX STREAM, BARBERTON MOUNTAIN LAND, EASTERN TRANSVAAL",-25.77,-25.77,31,31,SUBAERIAL,,,s SC-2 [5578],"BASALT, KOMATIITIC [5578]",,,,,,,,,VOLCANIC ROCK,,,,,WHOLE_ROCK [5578] ,231380.325,4255.313999999999,,54936.253800000006,,20002.84,70112.45999999999,,90338.08,60967.34399999999,1548.9160000000002,,3403.615,9124.8411,436.42100000000005,,30800.,300.,,4000.,,,,,,,,,,,,,,,,,,,,,,,,,,,,,,,,,,,149,,,,26.3,,192,622,,,61,209,67,102,14.1,,,,,9.4,265,18.5,60,2.4,,,,,,,,,,,,,113,,,,,,,,,,,,,,,,,,,,,,,,,,,,,,,,,,,,,,,,,,,,,,,,,,,,,162508,
[5578],ARCHEAN CRATON (INCLUDING GREENSTONE BELTS),KAAPVAAL CRATON_ARCHEAN / BARBERTON GREENSTONE BELT / ONVERWACHT GROUP / KOMATI FORMATION,"KOMATI TYPE SECTION, EAST OF SPINIFEX STREAM, BARBERTON MOUNTAIN LAND, EASTERN TRANSVAAL",-25.77,-25.77,31,31,SUBAERIAL,,,s SC-2 [5578],"BASALT, KOMATIITIC [5578]",,,,,,,,,VOLCANIC ROCK,,,,,WHOLE_ROCK [5578] ,239607.181,4375.182,,57582.5088,,15456.74,64671.36,,74185.86,59037.615999999995,1316.5786,,3071.555,16098.2969,436.42100000000005,,28400.,800.,,4500.,,,,,,,,,,,,,,,,,,,,,,,,,,,,,,,,,,,189,,,,26.8,,192,662,,,62,220,172,92,11.5,,,,,7.9,232,18.2,62,3.6,,,,,,,,,,,,,106,,,,,,,,,,,,,,,,,,,,,,,,,,,,,,,,,,,,,,,,,,,,,,,,,,,,,162509,
[5578],ARCHEAN CRATON (INCLUDING GREENSTONE BELTS),KAAPVAAL CRATON_ARCHEAN / BARBERTON GREENSTONE BELT / ONVERWACHT GROUP / KOMATI FORMATION,"KOMATI TYPE SECTION, EAST OF SPINIFEX STREAM, BARBERTON MOUNTAIN LAND, EASTERN TRANSVAAL",-25.77,-25.77,31,31,SUBAERIAL,,,s SD-82 [5578],"BASALT, KOMATIITIC [5578]",,,,,,,,,VOLCANIC ROCK,,,,,WHOLE_ROCK [5578] ,243720.60900000003,4495.049999999999,,58058.83470000001,,15526.680000000002,66148.23,,72970.87000000001,54876.63999999999,1316.5786,,830.1500000000001,21513.853,480.0631,,25400.,500.,,2100.,,,,,,,,,,,,,,,,,,,,,,,,,,,,,,,,,,,469,,,,28,,191,567,,,57,155,217,139,12,,,,,0,156,17.3,62,3.1,,,,,,,,,,,,,21,,,,,,,,,,,,,,,,,,,,,,,,,,,,,,,,,,,,,,,,,,,,,,,,,,,,,162510,
[5578],ARCHEAN CRATON (INCLUDING GREENSTONE BELTS),KAAPVAAL CRATON_ARCHEAN / BARBERTON GREENSTONE BELT / ONVERWACHT GROUP / KOMATI FORMATION,"KOMATI TYPE SECTION, EAST OF SPINIFEX STREAM, BARBERTON MOUNTAIN LAND, EASTERN TRANSVAAL",-25.77,-25.77,31,31,SUBAERIAL,,,s SD-83 [5578],"BASALT, KOMATIITIC [5578]",,,,,,,,,VOLCANIC ROCK,,,,,WHOLE_ROCK [5578] ,237083.032,4435.116,,56788.632300000005,,17974.579999999998,67936.02,,84549.01,59097.92,1471.4702,,996.18,12611.569,480.0631,,26400.,400.,,2200.,,,,,,,,,,,,,,,,,,,,,,,,,,,,,,,,,,,269,,,,27.5,,193,618,,,57,184,559,384,12.2,,,,,0,203,17.6,61,3.7,,,,,,,,,,,,,32,,,,,,,,,,,,,,,,,,,,,,,,,,,,,,,,,,,,,,,,,,,,,,,,,,,,,162511,
[5578],ARCHEAN CRATON (INCLUDING GREENSTONE BELTS),KAAPVAAL CRATON_ARCHEAN / BARBERTON GREENSTONE BELT / ONVERWACHT GROUP / KOMATI FORMATION,"KOMATI TYPE SECTION, EAST OF SPINIFEX STREAM, BARBERTON MOUNTAIN LAND, EASTERN TRANSVAAL",-25.77,-25.77,31,31,SUBAERIAL,,,s SD-84 [5578],"BASALT, KOMATIITIC [5578]",,,,,,,,,VOLCANIC ROCK,,,,,WHOLE_ROCK [5578] ,240261.59000000003,4315.248,,56471.0817,,17275.18,65681.84999999999,,81189.92,58193.36,1316.5786,,1992.36,14317.8401,436.42100000000005,,28000.,400.,,4400.,,,,,,,,,,,,,,,,,,,,,,,,,,,,,,,,,,,203,,,,26.8,,192,635,,,57,179,115,81,12.8,,,,,5,220,17.4,61,3.1,,,,,,,,,,,,,48,,,,,,,,,,,,,,,,,,,,,,,,,,,,,,,,,,,,,,,,,,,,,,,,,,,,,162512,
