Citations,Tectonic Setting,Location,Location Comment,Latitude (Min),Latitude (Max),Longitude (Min),Longitude (Max),Land or Sea,Elevation (Min),Elevation (Max),Sample Name,Rock Name,"Age (a, Min)","Age (a, Max)",Geol,Age,Eruption Day,Eruption Month,Eruption Year,Rock Texture,Rock Type,Drill Depth (Min),Drill Depth (Max),Alteration,Mineral,Material,Si,Ti,B,Al,Cr,Fe3+,Fe2+,Fetot(2+),Ca,Mg,Mn,Ni,K,Na,P,H2O,H2OP,H2OM,H2Otot,CO2,CO,F,Cl,Cl2,OH,CH4,SO2,SO3,SO4,S,LOI,Volatiles,O,Others,HE(CCM/G),HE(CCMSTP/G),HE3(CCMSTP/G),HE3(AT/G),HE4(CCM/G),HE4(CCMSTP/G),HE4(AT/G),HE4(MOLE/G),HE4(NCC/G),HE(NCC/G),Li,Be,B,C,CO2,F,Na,Mg,Al,P,S,Cl,K,Ca,Sc,Ti,V,Cr,Mn,Fe,Co,Ni,Cu,Zn,Ga,Ge,As,Se,Br,Rb,Sr,Y,Zr,Nb,Mo,Ru,Rh,Pd,Ag,Cd,In,Sn,Sb,Te,I,Cs,Ba,La,Ce,Pr,Nd,Sm,Eu,Gd,Tb,Dy,Ho,Er,Tm,Yb,Lu,Hf,Ta,W,Re,Os,Ir,Pt,Au,Hg,Tl,Pb,Bi,Th,U,Nd143/Nd144,Nd143/Nd144 initial,e Nd,Sr87/Sr86,SR87_SR86_INI,PB206_PB204,PB206_PB204_INI,PB207_PB204,PB207_PB204_INI,PB208_PB204,PB208_PB204_INI,OS184_OS188,OS186_OS188,OS187_OS186,OS187_OS188,RE187_OS186,RE187_OS188,HF176_HF177,HE3_HE4,HE3_HE4(R/R(A)),HE4_HE3,HE4_HE3(R/R(A)),K40_AR40,AR40_K40,Unique Id,
[5706],ARCHEAN CRATON (INCLUDING GREENSTONE BELTS),NORTH CHINA CRATON / QINGYUAN GREENSTONE BELT / SHIPENZI FORMATION,,45.87,45.87,128.67,128.67,SUBAERIAL,,,s 8120 [5706],KOMATIITE [5706],,,,ARCHEAN [5706],,,,,VOLCANIC ROCK,,,,,WHOLE_ROCK [5706] ,218151.9145,1498.35,,34401.315,,13778.18,70734.3,,56318.36,140809.84,1316.5786,,913.165,4822.0705,130.9263,9100.,,,,,,,,,,,,,,,,,,,,,,,,,,,,,,,,,,,,,,,,,,,,,,1250,,,110,600,,,,,,,,,,,,,,,,,,,,,,,,,,,6.25,,4.53,1.36,0.37,1.49,,,,,,0.58,,,,,,,,,,,,,,,,,,,,,,,,,,,,,,,,,,,,,,,,184342,
[5706],ARCHEAN CRATON (INCLUDING GREENSTONE BELTS),NORTH CHINA CRATON / QINGYUAN GREENSTONE BELT / SHIPENZI FORMATION,,45.87,45.87,128.67,128.67,SUBAERIAL,,,s 8101 [5706],KOMATIITE [5706],,,,ARCHEAN [5706],,,,,VOLCANIC ROCK,,,,,WHOLE_ROCK [5706] ,229417.098,3236.436,,64568.621999999996,,19023.68,56198.79,,63679.770000000004,83098.912,1394.0244,,6807.23,8828.0983,6197.178199999999,14100.,,,,,,,,,,,,,,,,,,,,,,,,,,,,,,,,,,,,,,,,,,,,,,1100,,,43,300,,,,,,,,,,,,,,,,,,,,,,,,,,,5.21,,4.05,1.46,0.6,1.94,,,,,,1.67,,,,,,,,,,,,,,,,,,,,,,,,,,,,,,,,,,,,,,,,184343,
[5706],ARCHEAN CRATON (INCLUDING GREENSTONE BELTS),NORTH CHINA CRATON / QINGYUAN GREENSTONE BELT / HONGTOUSHAN FORMATION,,45.87,45.87,128.67,128.67,SUBAERIAL,,,s K2 [5706],KOMATIITE [5706],,,,ARCHEAN [5706],,,,,VOLCANIC ROCK,,,,,WHOLE_ROCK [5706] ,220956.52450000003,1798.0199999999998,,33977.9142,,19373.38,46871.19,,71112.65,152448.512,1394.0244,,83.015,667.6713,130.9263,12300.,,,,,,,,,,,,,,,,,,,,,,,,,,,,,,,,,,,,,,,,,,,,,,1050,,,65,700,,,,,,,,,,,,,,,,,,,,,,,,,,,,,,,,,,,,,,,,,,,,,,,,,,,,,,,,,,,,,,,,,,,,,,,,,,,,,,184344,
[5706],ARCHEAN CRATON (INCLUDING GREENSTONE BELTS),NORTH CHINA CRATON / QINGYUAN GREENSTONE BELT / SHIPENZI FORMATION,,45.87,45.87,128.67,128.67,SUBAERIAL,,,s 8125 [5706],KOMATIITE [5706],,,,ARCHEAN [5706],,,,,VOLCANIC ROCK,,,,,WHOLE_ROCK [5706] ,209691.34100000001,2577.162,,63086.7192,,20072.780000000002,76874.97,,68968.55,103421.35999999999,1471.4702,,83.015,7270.1986,392.77889999999996,13000.,,,,,,,,,,,,,,,,,,,,,,,,,,,,,,,,,,,,,,,,,,,,,,500,,,30,150,,,,,,,,,,,,,,,,,,,,,,,,,,,4.8,,5.03,1.19,0.53,1.63,,,,,,1.31,,,,,,,,,,,,,,,,,,,,,,,,,,,,,,,,,,,,,,,,184345,
[5706],ARCHEAN CRATON (INCLUDING GREENSTONE BELTS),NORTH CHINA CRATON / QINGYUAN GREENSTONE BELT / HONGTOUSHAN FORMATION,,45.87,45.87,128.67,128.67,SUBAERIAL,,,s K3 [5706],KOMATIITE [5706],,,,ARCHEAN [5706],,,,,VOLCANIC ROCK,,,,,WHOLE_ROCK [5706] ,236849.31450000004,1138.7459999999999,,25562.8233,,27346.54,34589.85,,114780.81999999999,103541.96800000001,1316.5786,,1245.225,5934.856,261.8526,16000.,,,,,,,,,,,,,,,,,,,,,,,,,,,,,,,,,,,,,,,,,,,,,,900,,,57,500,,,,,,,,,,,,,,,,,,,,,,,,,,,,,,,,,,,,,,,,,,,,,,,,,,,,,,,,,,,,,,,,,,,,,,,,,,,,,,184346,
[5706],ARCHEAN CRATON (INCLUDING GREENSTONE BELTS),NORTH CHINA CRATON / QINGYUAN GREENSTONE BELT / HONGTOUSHAN FORMATION,,45.87,45.87,128.67,128.67,SUBAERIAL,,,s K1 [5706],KOMATIITE [5706],,,,ARCHEAN [5706],,,,,VOLCANIC ROCK,,,,,WHOLE_ROCK [5706] ,228482.22800000003,839.076,,19000.1109,,54693.08,27982.8,,91267.19,122236.20799999998,1239.1328,,581.105,5192.999,436.42100000000005,15200.,,,,,,,,,,,,,,,,,,,,,,,,,,,,,,,,,,,,,,,,,,,,,,1750,,,119,1300,,,,,,,,,,,,,,,,,,,,,,,,,,,,,,,,,,,,,,,,,,,,,,,,,,,,,,,,,,,,,,,,,,,,,,,,,,,,,,184347,
[5706],ARCHEAN CRATON (INCLUDING GREENSTONE BELTS),NORTH CHINA CRATON / QINGYUAN GREENSTONE BELT / SHIPENZI FORMATION,,45.87,45.87,128.67,128.67,SUBAERIAL,,,s JR-1 [5706],KOMATIITE [5706],,,,ARCHEAN [5706],,,,,VOLCANIC ROCK,,,,,WHOLE_ROCK [5706] ,229417.098,1917.888,,39852.600300000006,,9651.72,69801.54000000001,,67324.74,111200.576,1936.145,,3071.555,4080.2135000000003,2924.0207,15900.,,,,,,,,,,,,,,,,,,,,,,,,,,,,,,,,,,,,,,,,,,,,,,1600,,,110,700,,,,,,,,,,,,,,,,,,,,,,,,,,,,,,,,,,,,,,,,,,,,,,,,,,,,,,,,,,,,,,,,,,,,,,,,,,,,,,184348,
[5706],ARCHEAN CRATON (INCLUDING GREENSTONE BELTS),NORTH CHINA CRATON / QINGYUAN GREENSTONE BELT / SHIPENZI FORMATION,,45.87,45.87,128.67,128.67,SUBAERIAL,,,s 8104 [5706],THOLEIITE [5706],,,,ARCHEAN [5706],,,,,VOLCANIC ROCK,,,,,WHOLE_ROCK [5706] ,,,,,,,,,,,,,,,,,,,,,,,,,,,,,,,,,,,,,,,,,,,,,,,,,,,,,,,,,,,,,,,,,,,,,,,,,,,,,,,,,,,,,,,,,,,,,9.68,,10.7,3.69,1.2,4.69,,,,,,1.89,,,,,,,,,,,,,,,,,,,,,,,,,,,,,,,,,,,,,,,,184349,
[5706],ARCHEAN CRATON (INCLUDING GREENSTONE BELTS),NORTH CHINA CRATON / QINGYUAN GREENSTONE BELT / SHIPENZI FORMATION,,45.87,45.87,128.67,128.67,SUBAERIAL,,,s 8107 [5706],THOLEIITE [5706],,,,ARCHEAN [5706],,,,,VOLCANIC ROCK,,,,,WHOLE_ROCK [5706] ,,,,,,,,,,,,,,,,,,,,,,,,,,,,,,,,,,,,,,,,,,,,,,,,,,,,,,,,,,,,,,,,,,,,,,,,,,,,,,,,,,,,,,,,,,,,,37.7,,21.2,5.7,1.9,5.58,,,,,,2.45,,,,,,,,,,,,,,,,,,,,,,,,,,,,,,,,,,,,,,,,184350,
[5706],ARCHEAN CRATON (INCLUDING GREENSTONE BELTS),NORTH CHINA CRATON / QINGYUAN GREENSTONE BELT / SHIPENZI FORMATION,,45.87,45.87,128.67,128.67,SUBAERIAL,,,s 8123 [5706],THOLEIITE [5706],,,,ARCHEAN [5706],,,,,VOLCANIC ROCK,,,,,WHOLE_ROCK [5706] ,,,,,,,,,,,,,,,,,,,,,,,,,,,,,,,,,,,,,,,,,,,,,,,,,,,,,,,,,,,,,,,,,,,,,,,,,,,,,,,,,,,,,,,,,,,,,9.35,,7.43,1.9,0.68,2.86,,,,,,2.53,,,,,,,,,,,,,,,,,,,,,,,,,,,,,,,,,,,,,,,,184351,
[5706],ARCHEAN CRATON (INCLUDING GREENSTONE BELTS),NORTH CHINA CRATON / QINGYUAN GREENSTONE BELT / SHIPENZI FORMATION,,45.87,45.87,128.67,128.67,SUBAERIAL,,,s 8124 [5706],THOLEIITE [5706],,,,ARCHEAN [5706],,,,,VOLCANIC ROCK,,,,,WHOLE_ROCK [5706] ,,,,,,,,,,,,,,,,,,,,,,,,,,,,,,,,,,,,,,,,,,,,,,,,,,,,,,,,,,,,,,,,,,,,,,,,,,,,,,,,,,,,,,,,,,,,,4.71,,6.56,1.72,0.75,2.22,,,,,,1.6,,,,,,,,,,,,,,,,,,,,,,,,,,,,,,,,,,,,,,,,184352,
[5706],ARCHEAN CRATON (INCLUDING GREENSTONE BELTS),NORTH CHINA CRATON / QINGYUAN GREENSTONE BELT / SHIPENZI FORMATION,,45.87,45.87,128.67,128.67,SUBAERIAL,,,s 8102 [5706],NOT GIVEN [5706],,,,ARCHEAN [5706],,,,,VOLCANIC ROCK,,,,,WHOLE_ROCK [5706] ,,,,,,,,,,,,,,,,,,,,,,,,,,,,,,,,,,,,,,,,,,,,,,,,,,,,,,,,,,,,,,,,,,,,,,,,,,,,,,,,,,,,,,,,,,,,,39.7,,19.6,3.69,0.98,3.64,,,,,,2.57,,,,,,,,,,,,,,,,,,,,,,,,,,,,,,,,,,,,,,,,184353,
[5706],ARCHEAN CRATON (INCLUDING GREENSTONE BELTS),NORTH CHINA CRATON / QINGYUAN GREENSTONE BELT / SHIPENZI FORMATION,,45.87,45.87,128.67,128.67,SUBAERIAL,,,s 8128 [5706],THOLEIITE [5706],,,,ARCHEAN [5706],,,,,VOLCANIC ROCK,,,,,WHOLE_ROCK [5706] ,,,,,,,,,,,,,,,,,,,,,,,,,,,,,,,,,,,,,,,,,,,,,,,,,,,,,,,,,,,,,,,,,,,,,,,,,,,,,,,,,,,,,,,,,,,,,7.65,,6.13,1.59,0.61,2.16,,,,,,1.7,,,,,,,,,,,,,,,,,,,,,,,,,,,,,,,,,,,,,,,,184354,
[5706],ARCHEAN CRATON (INCLUDING GREENSTONE BELTS),NORTH CHINA CRATON / QINGYUAN GREENSTONE BELT / SHIPENZI FORMATION,,45.87,45.87,128.67,128.67,SUBAERIAL,,,s 8126 [5706],NOT GIVEN [5706],,,,ARCHEAN [5706],,,,,VOLCANIC ROCK,,,,,WHOLE_ROCK [5706] ,,,,,,,,,,,,,,,,,,,,,,,,,,,,,,,,,,,,,,,,,,,,,,,,,,,,,,,,,,,,,,,,,,,,,,,,,,,,,,,,,,,,,,,,,,,,,13,,9.72,7.53,0.81,1.87,,,,,,0.9,,,,,,,,,,,,,,,,,,,,,,,,,,,,,,,,,,,,,,,,184355,
[5706],ARCHEAN CRATON (INCLUDING GREENSTONE BELTS),NORTH CHINA CRATON / QINGYUAN GREENSTONE BELT / SHIPENZI FORMATION,,45.87,45.87,128.67,128.67,SUBAERIAL,,,s 8127 [5706],NOT GIVEN [5706],,,,ARCHEAN [5706],,,,,VOLCANIC ROCK,,,,,WHOLE_ROCK [5706] ,,,,,,,,,,,,,,,,,,,,,,,,,,,,,,,,,,,,,,,,,,,,,,,,,,,,,,,,,,,,,,,,,,,,,,,,,,,,,,,,,,,,,,,,,,,,,46.2,,27.6,3.56,0.96,3.36,,,,,,1.43,,,,,,,,,,,,,,,,,,,,,,,,,,,,,,,,,,,,,,,,184356,
[5706],ARCHEAN CRATON (INCLUDING GREENSTONE BELTS),NORTH CHINA CRATON / QINGYUAN GREENSTONE BELT / SHIPENZI FORMATION,,45.87,45.87,128.67,128.67,SUBAERIAL,,,s 8103 [5706],NOT GIVEN [5706],,,,ARCHEAN [5706],,,,,VOLCANIC ROCK,,,,,WHOLE_ROCK [5706] ,,,,,,,,,,,,,,,,,,,,,,,,,,,,,,,,,,,,,,,,,,,,,,,,,,,,,,,,,,,,,,,,,,,,,,,,,,,,,,,,,,,,,,,,,,,,,9.8,,4.31,0.68,0.58,0.83,,,,,,0.16,,,,,,,,,,,,,,,,,,,,,,,,,,,,,,,,,,,,,,,,184357,
[5706],ARCHEAN CRATON (INCLUDING GREENSTONE BELTS),NORTH CHINA CRATON / QINGYUAN GREENSTONE BELT / SHIPENZI FORMATION,,45.87,45.87,128.67,128.67,SUBAERIAL,,,s 8136 [5706],ANDESITE [5706],,,,ARCHEAN [5706],,,,,VOLCANIC ROCK,,,,,WHOLE_ROCK [5706] ,,,,,,,,,,,,,,,,,,,,,,,,,,,,,,,,,,,,,,,,,,,,,,,,,,,,,,,,,,,,,,,,,,,,,,,,,,,,,,,,,,,,,,,,,,,,,39.1,,18.9,4.01,0.98,3.57,,,,,,2.64,,,,,,,,,,,,,,,,,,,,,,,,,,,,,,,,,,,,,,,,184358,
[5706],ARCHEAN CRATON (INCLUDING GREENSTONE BELTS),NORTH CHINA CRATON / QINGYUAN GREENSTONE BELT / SHIPENZI FORMATION,,45.87,45.87,128.67,128.67,SUBAERIAL,,,s 8137 [5706],ANDESITE [5706],,,,ARCHEAN [5706],,,,,VOLCANIC ROCK,,,,,WHOLE_ROCK [5706] ,,,,,,,,,,,,,,,,,,,,,,,,,,,,,,,,,,,,,,,,,,,,,,,,,,,,,,,,,,,,,,,,,,,,,,,,,,,,,,,,,,,,,,,,,,,,,51.9,,18.6,3.62,1.04,3.98,,,,,,2.2,,,,,,,,,,,,,,,,,,,,,,,,,,,,,,,,,,,,,,,,184359,
[5706],ARCHEAN CRATON (INCLUDING GREENSTONE BELTS),NORTH CHINA CRATON / QINGYUAN GREENSTONE BELT / SHIPENZI FORMATION,,45.87,45.87,128.67,128.67,SUBAERIAL,,,s 8138 [5706],THOLEIITE [5706],,,,ARCHEAN [5706],,,,,VOLCANIC ROCK,,,,,WHOLE_ROCK [5706] ,,,,,,,,,,,,,,,,,,,,,,,,,,,,,,,,,,,,,,,,,,,,,,,,,,,,,,,,,,,,,,,,,,,,,,,,,,,,,,,,,,,,,,,,,,,,,62.7,,31.9,5.39,1.58,3.81,,,,,,1.58,,,,,,,,,,,,,,,,,,,,,,,,,,,,,,,,,,,,,,,,184360,
[5706],ARCHEAN CRATON (INCLUDING GREENSTONE BELTS),NORTH CHINA CRATON / QINGYUAN GREENSTONE BELT / SHIPENZI FORMATION,,45.87,45.87,128.67,128.67,SUBAERIAL,,,s 8327 [5706],THOLEIITE [5706],,,,ARCHEAN [5706],,,,,VOLCANIC ROCK,,,,,WHOLE_ROCK [5706] ,,,,,,,,,,,,,,,,,,,,,,,,,,,,,,,,,,,,,,,,,,,,,,,,,,,,,,,,,,,,,,,,,,,,,,,,,,,,,,,,,,,,,,,,,,,,,22.4,,11.5,1.21,0.99,1.31,,,,,,0.27,,,,,,,,,,,,,,,,,,,,,,,,,,,,,,,,,,,,,,,,184361,
[5706],ARCHEAN CRATON (INCLUDING GREENSTONE BELTS),NORTH CHINA CRATON / QINGYUAN GREENSTONE BELT / SHIPENZI FORMATION,,45.87,45.87,128.67,128.67,SUBAERIAL,,,s 7939 [5706],NOT GIVEN [5706],,,,ARCHEAN [5706],,,,,VOLCANIC ROCK,,,,,WHOLE_ROCK [5706] ,,,,,,,,,,,,,,,,,,,,,,,,,,,,,,,,,,,,,,,,,,,,,,,,,,,,,,,,,,,,,,,,,,,,,,,,,,,,,,,,,,,,,,,,,,,,,42.2,,26.5,5.19,0.84,6.41,,,,,,5.03,,,,,,,,,,,,,,,,,,,,,,,,,,,,,,,,,,,,,,,,184362,
[5706],ARCHEAN CRATON (INCLUDING GREENSTONE BELTS),NORTH CHINA CRATON / QINGYUAN GREENSTONE BELT / SHIPENZI FORMATION,,45.87,45.87,128.67,128.67,SUBAERIAL,,,s 8340 [5706],NOT GIVEN [5706],,,,ARCHEAN [5706],,,,,VOLCANIC ROCK,,,,,WHOLE_ROCK [5706] ,,,,,,,,,,,,,,,,,,,,,,,,,,,,,,,,,,,,,,,,,,,,,,,,,,,,,,,,,,,,,,,,,,,,,,,,,,,,,,,,,,,,,,,,,,,,,56.2,,25.6,6.01,0.83,7.46,,,,,,3.71,,,,,,,,,,,,,,,,,,,,,,,,,,,,,,,,,,,,,,,,184363,
[5706],ARCHEAN CRATON (INCLUDING GREENSTONE BELTS),NORTH CHINA CRATON / QINGYUAN GREENSTONE BELT / HONGTOUSHAN FORMATION,,45.87,45.87,128.67,128.67,SUBAERIAL,,,s 1 [5706],NOT GIVEN [5706],,,,ARCHEAN [5706],,,,,VOLCANIC ROCK,,,,,WHOLE_ROCK [5706] ,,,,,,,,,,,,,,,,,,,,,,,,,,,,,,,,,,,,,,,,,,,,,,,,,,,,,,,,,,,,,270,350,,,50,75,160,100,,,,,,,,,,,,,,,,,,,,,,,,,,,,,,,,,,,,,,,,,,,,,,,,,,,,,,,,,,,,,,,,,,,,,,,,,,,,184364,
[5706],ARCHEAN CRATON (INCLUDING GREENSTONE BELTS),NORTH CHINA CRATON / QINGYUAN GREENSTONE BELT / HONGTOUSHAN FORMATION,,45.87,45.87,128.67,128.67,SUBAERIAL,,,s 2 [5706],NOT GIVEN [5706],,,,ARCHEAN [5706],,,,,VOLCANIC ROCK,,,,,WHOLE_ROCK [5706] ,,,,,,,,,,,,,,,,,,,,,,,,,,,,,,,,,,,,,,,,,,,,,,,,,,,,,,,,,,,,,260,350,,,50,80,150,100,,,,,,,,,,,,,,,,,,,,,,,,,,,,,,,,,,,,,,,,,,,,,,,,,,,,,,,,,,,,,,,,,,,,,,,,,,,,184365,
[5706],ARCHEAN CRATON (INCLUDING GREENSTONE BELTS),NORTH CHINA CRATON / QINGYUAN GREENSTONE BELT / HONGTOUSHAN FORMATION,,45.87,45.87,128.67,128.67,SUBAERIAL,,,s 3 [5706],NOT GIVEN [5706],,,,ARCHEAN [5706],,,,,VOLCANIC ROCK,,,,,WHOLE_ROCK [5706] ,,,,,,,,,,,,,,,,,,,,,,,,,,,,,,,,,,,,,,,,,,,,,,,,,,,,,,,,,,,,,270,300,,,60,85,100,100,,,,,,,,,,,,,,,,,,,,,,,,,,,,,,,,,,,,,,,,,,,,,,,,,,,,,,,,,,,,,,,,,,,,,,,,,,,,184366,
[5706],ARCHEAN CRATON (INCLUDING GREENSTONE BELTS),NORTH CHINA CRATON / QINGYUAN GREENSTONE BELT / HONGTOUSHAN FORMATION,,45.87,45.87,128.67,128.67,SUBAERIAL,,,s 4 [5706],NOT GIVEN [5706],,,,ARCHEAN [5706],,,,,VOLCANIC ROCK,,,,,WHOLE_ROCK [5706] ,,,,,,,,,,,,,,,,,,,,,,,,,,,,,,,,,,,,,,,,,,,,,,,,,,,,,,,,,,,,,260,150,,,50,85,500,300,,,,,,,,,,,,,,,,,,,,,,,,,,,,,,,,,,,,,,,,,,,,,,,,,,,,,,,,,,,,,,,,,,,,,,,,,,,,184367,
[5706],ARCHEAN CRATON (INCLUDING GREENSTONE BELTS),NORTH CHINA CRATON / QINGYUAN GREENSTONE BELT / HONGTOUSHAN FORMATION,,45.87,45.87,128.67,128.67,SUBAERIAL,,,s 5 [5706],NOT GIVEN [5706],,,,ARCHEAN [5706],,,,,VOLCANIC ROCK,,,,,WHOLE_ROCK [5706] ,,,,,,,,,,,,,,,,,,,,,,,,,,,,,,,,,,,,,,,,,,,,,,,,,,,,,,,,,,,,,270,300,,,50,100,350,150,,,,,,,,,,,,,,,,,,,,,,,,,,,,,,,,,,,,,,,,,,,,,,,,,,,,,,,,,,,,,,,,,,,,,,,,,,,,184368,
[5706],ARCHEAN CRATON (INCLUDING GREENSTONE BELTS),NORTH CHINA CRATON / QINGYUAN GREENSTONE BELT / HONGTOUSHAN FORMATION,,45.87,45.87,128.67,128.67,SUBAERIAL,,,s 6 [5706],NOT GIVEN [5706],,,,ARCHEAN [5706],,,,,VOLCANIC ROCK,,,,,WHOLE_ROCK [5706] ,,,,,,,,,,,,,,,,,,,,,,,,,,,,,,,,,,,,,,,,,,,,,,,,,,,,,,,,,,,,,300,200,,,70,150,120,150,,,,,,,,,,,,,,,,,,,,,,,,,,,,,,,,,,,,,,,,,,,,,,,,,,,,,,,,,,,,,,,,,,,,,,,,,,,,184369,
[5706],ARCHEAN CRATON (INCLUDING GREENSTONE BELTS),NORTH CHINA CRATON / QINGYUAN GREENSTONE BELT / HONGTOUSHAN FORMATION,,45.87,45.87,128.67,128.67,SUBAERIAL,,,s 7 [5706],NOT GIVEN [5706],,,,ARCHEAN [5706],,,,,VOLCANIC ROCK,,,,,WHOLE_ROCK [5706] ,,,,,,,,,,,,,,,,,,,,,,,,,,,,,,,,,,,,,,,,,,,,,,,,,,,,,,,,,,,,,150,150,,,50,130,160,150,,,,,,,,,,,,,,,,,,,,,,,,,,,,,,,,,,,,,,,,,,,,,,,,,,,,,,,,,,,,,,,,,,,,,,,,,,,,184370,
[5706],ARCHEAN CRATON (INCLUDING GREENSTONE BELTS),NORTH CHINA CRATON / QINGYUAN GREENSTONE BELT / HONGTOUSHAN FORMATION,,45.87,45.87,128.67,128.67,SUBAERIAL,,,s 8 [5706],NOT GIVEN [5706],,,,ARCHEAN [5706],,,,,VOLCANIC ROCK,,,,,WHOLE_ROCK [5706] ,,,,,,,,,,,,,,,,,,,,,,,,,,,,,,,,,,,,,,,,,,,,,,,,,,,,,,,,,,,,,600,400,,,40,200,130,100,,,,,,,,,,,,,,,,,,,,,,,,,,,,,,,,,,,,,,,,,,,,,,,,,,,,,,,,,,,,,,,,,,,,,,,,,,,,184371,
[5706],ARCHEAN CRATON (INCLUDING GREENSTONE BELTS),NORTH CHINA CRATON / QINGYUAN GREENSTONE BELT / HONGTOUSHAN FORMATION,,45.87,45.87,128.67,128.67,SUBAERIAL,,,s 9 [5706],NOT GIVEN [5706],,,,ARCHEAN [5706],,,,,VOLCANIC ROCK,,,,,WHOLE_ROCK [5706] ,,,,,,,,,,,,,,,,,,,,,,,,,,,,,,,,,,,,,,,,,,,,,,,,,,,,,,,,,,,,,600,400,,,40,200,150,100,,,,,,,,,,,,,,,,,,,,,,,,,,,,,,,,,,,,,,,,,,,,,,,,,,,,,,,,,,,,,,,,,,,,,,,,,,,,184372,
[5706],ARCHEAN CRATON (INCLUDING GREENSTONE BELTS),NORTH CHINA CRATON / QINGYUAN GREENSTONE BELT / HONGTOUSHAN FORMATION,,45.87,45.87,128.67,128.67,SUBAERIAL,,,s 10 [5706],NOT GIVEN [5706],,,,ARCHEAN [5706],,,,,VOLCANIC ROCK,,,,,WHOLE_ROCK [5706] ,,,,,,,,,,,,,,,,,,,,,,,,,,,,,,,,,,,,,,,,,,,,,,,,,,,,,,,,,,,,,600,400,,,40,300,160,120,,,,,,,,,,,,,,,,,,,,,,,,,,,,,,,,,,,,,,,,,,,,,,,,,,,,,,,,,,,,,,,,,,,,,,,,,,,,184373,
[5706],ARCHEAN CRATON (INCLUDING GREENSTONE BELTS),NORTH CHINA CRATON / QINGYUAN GREENSTONE BELT / HONGTOUSHAN FORMATION,,45.87,45.87,128.67,128.67,SUBAERIAL,,,s 11 [5706],NOT GIVEN [5706],,,,ARCHEAN [5706],,,,,VOLCANIC ROCK,,,,,WHOLE_ROCK [5706] ,,,,,,,,,,,,,,,,,,,,,,,,,,,,,,,,,,,,,,,,,,,,,,,,,,,,,,,,,,,,,340,220,,,49,110,85,110,,,,,,,,,,,,,,,,,,,,,,,,,,,,,,,,,,,,,,,,,,,,,,,,,,,,,,,,,,,,,,,,,,,,,,,,,,,,184374,
[5706],ARCHEAN CRATON (INCLUDING GREENSTONE BELTS),NORTH CHINA CRATON / QINGYUAN GREENSTONE BELT / SHIPENZI FORMATION,,45.87,45.87,128.67,128.67,SUBAERIAL,,,s 1 [5706],NOT GIVEN [5706],,,,ARCHEAN [5706],,,,,VOLCANIC ROCK,,,,,WHOLE_ROCK [5706] ,,,,,,,,,,,,,,,,,,,,,,,,,,,,,,,,,,,,,,,,,,,,,,,,,,,,,,,,,,,,,130,560,,,43,120,132,110,,,,,,,,,,,,,,,,,,,,,,,,,,,,,,,,,,,,,,,,,,,,,,,,,,,,,,,,,,,,,,,,,,,,,,,,,,,,184375,
[5706],ARCHEAN CRATON (INCLUDING GREENSTONE BELTS),NORTH CHINA CRATON / QINGYUAN GREENSTONE BELT / SHIPENZI FORMATION,,45.87,45.87,128.67,128.67,SUBAERIAL,,,s 2 [5706],NOT GIVEN [5706],,,,ARCHEAN [5706],,,,,VOLCANIC ROCK,,,,,WHOLE_ROCK [5706] ,,,,,,,,,,,,,,,,,,,,,,,,,,,,,,,,,,,,,,,,,,,,,,,,,,,,,,,,,,,,,270,150,,,47,90,109,100,,,,,,,,,,,,,,,,,,,,,,,,,,,,,,,,,,,,,,,,,,,,,,,,,,,,,,,,,,,,,,,,,,,,,,,,,,,,184376,
[5706],ARCHEAN CRATON (INCLUDING GREENSTONE BELTS),NORTH CHINA CRATON / QINGYUAN GREENSTONE BELT / SHIPENZI FORMATION,,45.87,45.87,128.67,128.67,SUBAERIAL,,,s 3 [5706],NOT GIVEN [5706],,,,ARCHEAN [5706],,,,,VOLCANIC ROCK,,,,,WHOLE_ROCK [5706] ,,,,,,,,,,,,,,,,,,,,,,,,,,,,,,,,,,,,,,,,,,,,,,,,,,,,,,,,,,,,,260,380,,,44,156,88,70,,,,,,,,,,,,,,,,,,,,,,,,,,,,,,,,,,,,,,,,,,,,,,,,,,,,,,,,,,,,,,,,,,,,,,,,,,,,184377,
[5706],ARCHEAN CRATON (INCLUDING GREENSTONE BELTS),NORTH CHINA CRATON / QINGYUAN GREENSTONE BELT / SHIPENZI FORMATION,,45.87,45.87,128.67,128.67,SUBAERIAL,,,s 4 [5706],NOT GIVEN [5706],,,,ARCHEAN [5706],,,,,VOLCANIC ROCK,,,,,WHOLE_ROCK [5706] ,,,,,,,,,,,,,,,,,,,,,,,,,,,,,,,,,,,,,,,,,,,,,,,,,,,,,,,,,,,,,250,220,,,57,197,138,150,,,,,,,,,,,,,,,,,,,,,,,,,,,,,,,,,,,,,,,,,,,,,,,,,,,,,,,,,,,,,,,,,,,,,,,,,,,,184378,
[5706],ARCHEAN CRATON (INCLUDING GREENSTONE BELTS),NORTH CHINA CRATON / QINGYUAN GREENSTONE BELT / SHIPENZI FORMATION,,45.87,45.87,128.67,128.67,SUBAERIAL,,,s 5 [5706],NOT GIVEN [5706],,,,ARCHEAN [5706],,,,,VOLCANIC ROCK,,,,,WHOLE_ROCK [5706] ,,,,,,,,,,,,,,,,,,,,,,,,,,,,,,,,,,,,,,,,,,,,,,,,,,,,,,,,,,,,,288,220,,,51,98,107,80,,,,,,,,,,,,,,,,,,,,,,,,,,,,,,,,,,,,,,,,,,,,,,,,,,,,,,,,,,,,,,,,,,,,,,,,,,,,184379,
[5706],ARCHEAN CRATON (INCLUDING GREENSTONE BELTS),NORTH CHINA CRATON / QINGYUAN GREENSTONE BELT / SHIPENZI FORMATION,,45.87,45.87,128.67,128.67,SUBAERIAL,,,s 6 [5706],NOT GIVEN [5706],,,,ARCHEAN [5706],,,,,VOLCANIC ROCK,,,,,WHOLE_ROCK [5706] ,,,,,,,,,,,,,,,,,,,,,,,,,,,,,,,,,,,,,,,,,,,,,,,,,,,,,,,,,,,,,209,150,,,47,78,83,65,,,,,,,,,,,,,,,,,,,,,,,,,,,,,,,,,,,,,,,,,,,,,,,,,,,,,,,,,,,,,,,,,,,,,,,,,,,,184380,
[5706],ARCHEAN CRATON (INCLUDING GREENSTONE BELTS),NORTH CHINA CRATON / QINGYUAN GREENSTONE BELT / SHIPENZI FORMATION,,45.87,45.87,128.67,128.67,SUBAERIAL,,,s 7 [5706],NOT GIVEN [5706],,,,ARCHEAN [5706],,,,,VOLCANIC ROCK,,,,,WHOLE_ROCK [5706] ,,,,,,,,,,,,,,,,,,,,,,,,,,,,,,,,,,,,,,,,,,,,,,,,,,,,,,,,,,,,,228,180,,,49,110,100,91,,,,,,,,,,,,,,,,,,,,,,,,,,,,,,,,,,,,,,,,,,,,,,,,,,,,,,,,,,,,,,,,,,,,,,,,,,,,184381,
[5706],ARCHEAN CRATON (INCLUDING GREENSTONE BELTS),NORTH CHINA CRATON / QINGYUAN GREENSTONE BELT / SHIPENZI FORMATION,,45.87,45.87,128.67,128.67,SUBAERIAL,,,s 8 [5706],NOT GIVEN [5706],,,,ARCHEAN [5706],,,,,VOLCANIC ROCK,,,,,WHOLE_ROCK [5706] ,,,,,,,,,,,,,,,,,,,,,,,,,,,,,,,,,,,,,,,,,,,,,,,,,,,,,,,,,,,,,340,360,,,51,170,47,113,,,,,,,,,,,,,,,,,,,,,,,,,,,,,,,,,,,,,,,,,,,,,,,,,,,,,,,,,,,,,,,,,,,,,,,,,,,,184382,
[5706],ARCHEAN CRATON (INCLUDING GREENSTONE BELTS),NORTH CHINA CRATON / QINGYUAN GREENSTONE BELT / HONGTOUSHAN FORMATION,,45.87,45.87,128.67,128.67,SUBAERIAL,,,s 1 [5706],ANDESITE [5706],,,,ARCHEAN [5706],,,,,VOLCANIC ROCK,,,,,WHOLE_ROCK [5706] ,,,,,,,,,,,,,,,,,,,,,,,,,,,,,,,,,,,,,,,,,,,,,,,,,,,,,,,,,,,,,,100,,,10,20,55,50,,,,,,,,,,,,,,,,,,,,,,,,,,,,,,,,,,,,,,,,,,,,,,,,,,,,,,,,,,,,,,,,,,,,,,,,,,,,184383,
[5706],ARCHEAN CRATON (INCLUDING GREENSTONE BELTS),NORTH CHINA CRATON / QINGYUAN GREENSTONE BELT / HONGTOUSHAN FORMATION,,45.87,45.87,128.67,128.67,SUBAERIAL,,,s 2 [5706],ANDESITE [5706],,,,ARCHEAN [5706],,,,,VOLCANIC ROCK,,,,,WHOLE_ROCK [5706] ,,,,,,,,,,,,,,,,,,,,,,,,,,,,,,,,,,,,,,,,,,,,,,,,,,,,,,,,,,,,,,40,,,10,30,40,80,,,,,,,,,,,,,,,,,,,,,,,,,,,,,,,,,,,,,,,,,,,,,,,,,,,,,,,,,,,,,,,,,,,,,,,,,,,,184384,
[5706],ARCHEAN CRATON (INCLUDING GREENSTONE BELTS),NORTH CHINA CRATON / QINGYUAN GREENSTONE BELT / HONGTOUSHAN FORMATION,,45.87,45.87,128.67,128.67,SUBAERIAL,,,s 3 [5706],ANDESITE [5706],,,,ARCHEAN [5706],,,,,VOLCANIC ROCK,,,,,WHOLE_ROCK [5706] ,,,,,,,,,,,,,,,,,,,,,,,,,,,,,,,,,,,,,,,,,,,,,,,,,,,,,,,,,,,,,,25,,,50,79,27,100,,,,,,,,,,,,,,,,,,,,,,,,,,,,,,,,,,,,,,,,,,,,,,,,,,,,,,,,,,,,,,,,,,,,,,,,,,,,184385,
[5706],ARCHEAN CRATON (INCLUDING GREENSTONE BELTS),NORTH CHINA CRATON / QINGYUAN GREENSTONE BELT / HONGTOUSHAN FORMATION,,45.87,45.87,128.67,128.67,SUBAERIAL,,,s 4 [5706],ANDESITE [5706],,,,ARCHEAN [5706],,,,,VOLCANIC ROCK,,,,,WHOLE_ROCK [5706] ,,,,,,,,,,,,,,,,,,,,,,,,,,,,,,,,,,,,,,,,,,,,,,,,,,,,,,,,,,,,,,30,,,10,110,50,100,,,,,,,,,,,,,,,,,,,,,,,,,,,,,,,,,,,,,,,,,,,,,,,,,,,,,,,,,,,,,,,,,,,,,,,,,,,,184386,
[5706],ARCHEAN CRATON (INCLUDING GREENSTONE BELTS),NORTH CHINA CRATON / QINGYUAN GREENSTONE BELT / HONGTOUSHAN FORMATION,,45.87,45.87,128.67,128.67,SUBAERIAL,,,s 5 [5706],ANDESITE [5706],,,,ARCHEAN [5706],,,,,VOLCANIC ROCK,,,,,WHOLE_ROCK [5706] ,,,,,,,,,,,,,,,,,,,,,,,,,,,,,,,,,,,,,,,,,,,,,,,,,,,,,,,,,,,,,,400,,,30,70,100,150,,,,,,,,,,,,,,,,,,,,,,,,,,,,,,,,,,,,,,,,,,,,,,,,,,,,,,,,,,,,,,,,,,,,,,,,,,,,184387,
[5706],ARCHEAN CRATON (INCLUDING GREENSTONE BELTS),NORTH CHINA CRATON / QINGYUAN GREENSTONE BELT / HONGTOUSHAN FORMATION,,45.87,45.87,128.67,128.67,SUBAERIAL,,,s 6 [5706],ANDESITE [5706],,,,ARCHEAN [5706],,,,,VOLCANIC ROCK,,,,,WHOLE_ROCK [5706] ,,,,,,,,,,,,,,,,,,,,,,,,,,,,,,,,,,,,,,,,,,,,,,,,,,,,,,,,,,,,,,40,,,20,40,600,200,,,,,,,,,,,,,,,,,,,,,,,,,,,,,,,,,,,,,,,,,,,,,,,,,,,,,,,,,,,,,,,,,,,,,,,,,,,,184388,
[5706],ARCHEAN CRATON (INCLUDING GREENSTONE BELTS),NORTH CHINA CRATON / QINGYUAN GREENSTONE BELT / HONGTOUSHAN FORMATION,,45.87,45.87,128.67,128.67,SUBAERIAL,,,s 7 [5706],ANDESITE [5706],,,,ARCHEAN [5706],,,,,VOLCANIC ROCK,,,,,WHOLE_ROCK [5706] ,,,,,,,,,,,,,,,,,,,,,,,,,,,,,,,,,,,,,,,,,,,,,,,,,,,,,,,,,,,,,,40,,,20,40,40,150,,,,,,,,,,,,,,,,,,,,,,,,,,,,,,,,,,,,,,,,,,,,,,,,,,,,,,,,,,,,,,,,,,,,,,,,,,,,184389,
[5706],ARCHEAN CRATON (INCLUDING GREENSTONE BELTS),NORTH CHINA CRATON / QINGYUAN GREENSTONE BELT / HONGTOUSHAN FORMATION,,45.87,45.87,128.67,128.67,SUBAERIAL,,,s 8 [5706],ANDESITE [5706],,,,ARCHEAN [5706],,,,,VOLCANIC ROCK,,,,,WHOLE_ROCK [5706] ,,,,,,,,,,,,,,,,,,,,,,,,,,,,,,,,,,,,,,,,,,,,,,,,,,,,,,,,,,,,,,40,,,20,40,20,300,,,,,,,,,,,,,,,,,,,,,,,,,,,,,,,,,,,,,,,,,,,,,,,,,,,,,,,,,,,,,,,,,,,,,,,,,,,,184390,
[5706],ARCHEAN CRATON (INCLUDING GREENSTONE BELTS),NORTH CHINA CRATON / QINGYUAN GREENSTONE BELT / HONGTOUSHAN FORMATION,,45.87,45.87,128.67,128.67,SUBAERIAL,,,s 9 [5706],ANDESITE [5706],,,,ARCHEAN [5706],,,,,VOLCANIC ROCK,,,,,WHOLE_ROCK [5706] ,,,,,,,,,,,,,,,,,,,,,,,,,,,,,,,,,,,,,,,,,,,,,,,,,,,,,,,,,,,,,,50,,,20,40,110,100,,,,,,,,,,,,,,,,,,,,,,,,,,,,,,,,,,,,,,,,,,,,,,,,,,,,,,,,,,,,,,,,,,,,,,,,,,,,184391,
[5706],ARCHEAN CRATON (INCLUDING GREENSTONE BELTS),NORTH CHINA CRATON / QINGYUAN GREENSTONE BELT / HONGTOUSHAN FORMATION,,45.87,45.87,128.67,128.67,SUBAERIAL,,,s 10 [5706],ANDESITE [5706],,,,ARCHEAN [5706],,,,,VOLCANIC ROCK,,,,,WHOLE_ROCK [5706] ,,,,,,,,,,,,,,,,,,,,,,,,,,,,,,,,,,,,,,,,,,,,,,,,,,,,,,,,,,,,,,40,,,30,40,350,350,,,,,,,,,,,,,,,,,,,,,,,,,,,,,,,,,,,,,,,,,,,,,,,,,,,,,,,,,,,,,,,,,,,,,,,,,,,,184392,
[5706],ARCHEAN CRATON (INCLUDING GREENSTONE BELTS),NORTH CHINA CRATON / QINGYUAN GREENSTONE BELT / SHIPENZI FORMATION,,45.87,45.87,128.67,128.67,SUBAERIAL,,,s 1 [5706],ANDESITE [5706],,,,ARCHEAN [5706],,,,,VOLCANIC ROCK,,,,,WHOLE_ROCK [5706] ,,,,,,,,,,,,,,,,,,,,,,,,,,,,,,,,,,,,,,,,,,,,,,,,,,,,,,,,,,,,,,30,,,20,20,30,90,,,,,,,,,,,,,,,,,,,,,,,,,,,,,,,,,,,,,,,,,,,,,,,,,,,,,,,,,,,,,,,,,,,,,,,,,,,,184393,
[5706],ARCHEAN CRATON (INCLUDING GREENSTONE BELTS),NORTH CHINA CRATON / QINGYUAN GREENSTONE BELT / SHIPENZI FORMATION,,45.87,45.87,128.67,128.67,SUBAERIAL,,,s 2 [5706],ANDESITE [5706],,,,ARCHEAN [5706],,,,,VOLCANIC ROCK,,,,,WHOLE_ROCK [5706] ,,,,,,,,,,,,,,,,,,,,,,,,,,,,,,,,,,,,,,,,,,,,,,,,,,,,,,,,,,,,,,200,,,22,200,100,92,,,,,,,,,,,,,,,,,,,,,,,,,,,,,,,,,,,,,,,,,,,,,,,,,,,,,,,,,,,,,,,,,,,,,,,,,,,,184394,
[5706],ARCHEAN CRATON (INCLUDING GREENSTONE BELTS),NORTH CHINA CRATON / QINGYUAN GREENSTONE BELT / SHIPENZI FORMATION,,45.87,45.87,128.67,128.67,SUBAERIAL,,,s 3 [5706],ANDESITE [5706],,,,ARCHEAN [5706],,,,,VOLCANIC ROCK,,,,,WHOLE_ROCK [5706] ,,,,,,,,,,,,,,,,,,,,,,,,,,,,,,,,,,,,,,,,,,,,,,,,,,,,,,,,,,,,,,100,,,18,100,10,95,,,,,,,,,,,,,,,,,,,,,,,,,,,,,,,,,,,,,,,,,,,,,,,,,,,,,,,,,,,,,,,,,,,,,,,,,,,,184395,
[5706],ARCHEAN CRATON (INCLUDING GREENSTONE BELTS),NORTH CHINA CRATON / QINGYUAN GREENSTONE BELT / SHIPENZI FORMATION,,45.87,45.87,128.67,128.67,SUBAERIAL,,,s 4 [5706],ANDESITE [5706],,,,ARCHEAN [5706],,,,,VOLCANIC ROCK,,,,,WHOLE_ROCK [5706] ,,,,,,,,,,,,,,,,,,,,,,,,,,,,,,,,,,,,,,,,,,,,,,,,,,,,,,,,,,,,,,50,,,20,30,30,97,,,,,,,,,,,,,,,,,,,,,,,,,,,,,,,,,,,,,,,,,,,,,,,,,,,,,,,,,,,,,,,,,,,,,,,,,,,,184396,
[5706],ARCHEAN CRATON (INCLUDING GREENSTONE BELTS),NORTH CHINA CRATON / QINGYUAN GREENSTONE BELT / SHIPENZI FORMATION,,45.87,45.87,128.67,128.67,SUBAERIAL,,,s 5 [5706],ANDESITE [5706],,,,ARCHEAN [5706],,,,,VOLCANIC ROCK,,,,,WHOLE_ROCK [5706] ,,,,,,,,,,,,,,,,,,,,,,,,,,,,,,,,,,,,,,,,,,,,,,,,,,,,,,,,,,,,,,30,,,25,30,30,100,,,,,,,,,,,,,,,,,,,,,,,,,,,,,,,,,,,,,,,,,,,,,,,,,,,,,,,,,,,,,,,,,,,,,,,,,,,,184397,
[5706],ARCHEAN CRATON (INCLUDING GREENSTONE BELTS),NORTH CHINA CRATON / QINGYUAN GREENSTONE BELT / SHIPENZI FORMATION,,45.87,45.87,128.67,128.67,SUBAERIAL,,,s 6 [5706],ANDESITE [5706],,,,ARCHEAN [5706],,,,,VOLCANIC ROCK,,,,,WHOLE_ROCK [5706] ,,,,,,,,,,,,,,,,,,,,,,,,,,,,,,,,,,,,,,,,,,,,,,,,,,,,,,,,,,,,,,50,,,20,30,50,100,,,,,,,,,,,,,,,,,,,,,,,,,,,,,,,,,,,,,,,,,,,,,,,,,,,,,,,,,,,,,,,,,,,,,,,,,,,,184398,
[5706],ARCHEAN CRATON (INCLUDING GREENSTONE BELTS),NORTH CHINA CRATON / QINGYUAN GREENSTONE BELT / SHIPENZI FORMATION,,45.87,45.87,128.67,128.67,SUBAERIAL,,,s 7 [5706],ANDESITE [5706],,,,ARCHEAN [5706],,,,,VOLCANIC ROCK,,,,,WHOLE_ROCK [5706] ,,,,,,,,,,,,,,,,,,,,,,,,,,,,,,,,,,,,,,,,,,,,,,,,,,,,,,,,,,,,,,50,,,30,50,70,100,,,,,,,,,,,,,,,,,,,,,,,,,,,,,,,,,,,,,,,,,,,,,,,,,,,,,,,,,,,,,,,,,,,,,,,,,,,,184399,
[5706],ARCHEAN CRATON (INCLUDING GREENSTONE BELTS),NORTH CHINA CRATON / QINGYUAN GREENSTONE BELT / SHIPENZI FORMATION,,45.87,45.87,128.67,128.67,SUBAERIAL,,,s 8 [5706],ANDESITE [5706],,,,ARCHEAN [5706],,,,,VOLCANIC ROCK,,,,,WHOLE_ROCK [5706] ,,,,,,,,,,,,,,,,,,,,,,,,,,,,,,,,,,,,,,,,,,,,,,,,,,,,,,,,,,,,,,200,,,20,50,100,100,,,,,,,,,,,,,,,,,,,,,,,,,,,,,,,,,,,,,,,,,,,,,,,,,,,,,,,,,,,,,,,,,,,,,,,,,,,,184400,
[8521],ARCHEAN CRATON (INCLUDING GREENSTONE BELTS),NORTH CHINA CRATON / WUTAI(SHAN) GREENSTONE BELT / WUTAI GROUP (WUTAI GREENSCHIST ASSEMBLAGE),,39.0245,39.0245,114.1269,114.1269,SUBAERIAL,,,s 2002-42 [8521],NOT GIVEN [8521],2500000000 [8521],2550000000 [8521],,ARCHEAN [8521],,,,,PLUTONIC ROCK,,,,,WHOLE_ROCK [8521] ,191508.1195,119.868,,846.8016,,,,49358.549999999996,357.35,311048.03199999995,697.0122,,332.06,74.1857,43.6421,,,,,,,,,,,,,,,,176400.,,,,,,,,,,,,,,,,,,,,,,,,,,,,,,9.6,1529,,,104,2770,5,33,,,,,,,25.8,0.31,8.53,0.2,,,,,,,,,,,,,1.2,0.09,0.26,0.04,0.15,0.07,0.01,0.04,0.01,0.05,0.01,0.04,0.01,0.05,0.02,,0.02,,,,,,,,,3.68,,0.05,0.03,,,,,,,,,,,,,,,,,,,,,,,,,225287,
[8521],ARCHEAN CRATON (INCLUDING GREENSTONE BELTS),NORTH CHINA CRATON / WUTAI(SHAN) GREENSTONE BELT / WUTAI GROUP (WUTAI GREENSCHIST ASSEMBLAGE),,39.0245,39.0245,114.1269,114.1269,SUBAERIAL,,,s 2002-42C [8521],NOT GIVEN [8521],2500000000 [8521],2550000000 [8521],,ARCHEAN [8521],,,,,PLUTONIC ROCK,,,,,WHOLE_ROCK [8521] ,191321.1455,119.868,,2011.1538,,,,48581.25,1429.4,309841.952,697.0122,,166.03,74.1857,43.6421,,,,,,,,,,,,,,,,173000.,,,,,,,,,,,,,,,,,,,,,,,,,,,,,,13.6,1364,,,112,2730,10,42,,,,,,14.07,32.1,0.28,0.7,0.26,,,,,,,,,,,,,1.3,0.11,0.26,0.04,0.13,0.04,0.01,0.03,0.01,0.04,0.01,0.04,0.01,0.05,0.02,,0.01,,,,,,,,,8.13,,0.04,0.034,,,,,,,,,,,,,,,,,,,,,,,,,225288,
[8521],ARCHEAN CRATON (INCLUDING GREENSTONE BELTS),NORTH CHINA CRATON / WUTAI(SHAN) GREENSTONE BELT / WUTAI GROUP (WUTAI GREENSCHIST ASSEMBLAGE),,38.9917,38.9917,113.7169,113.7169,SUBAERIAL,,,s 2002-87 [8521],NOT GIVEN [8521],2500000000 [8521],2550000000 [8521],,ARCHEAN [8521],,,,,PLUTONIC ROCK,,,,,WHOLE_ROCK [8521] ,195668.29100000003,299.67,,6192.2366999999995,,,,64204.979999999996,1143.52,285961.56799999997,697.0122,,249.045,74.1857,43.6421,,,,,,,,,,,,,,,,27200.000000000004,,,,,,,,,,,,,,,,,,,,,,,,,,,,,,8.3,1898,,,150,3000,3,43,,,,,,8.22,32.5,0.64,2.36,0.15,,,,,,,,,,,,,3.5,0.25,0.48,0.06,0.23,0.09,0.01,0.09,0.02,0.1,0.02,0.08,0.01,0.1,0.02,,0.01,,,,,,,,,3.24,,0.04,0.013,,,,,,,,,,,,,,,,,,,,,,,,,225289,
[8521],ARCHEAN CRATON (INCLUDING GREENSTONE BELTS),NORTH CHINA CRATON / WUTAI(SHAN) GREENSTONE BELT / WUTAI GROUP (WUTAI GREENSCHIST ASSEMBLAGE),,38.9917,38.9917,113.7169,113.7169,SUBAERIAL,,,s 2002-88B [8521],NOT GIVEN [8521],2500000000 [8521],2550000000 [8521],,ARCHEAN [8521],,,,,PLUTONIC ROCK,,,,,WHOLE_ROCK [8521] ,188236.07450000002,239.736,,5186.6598,,,,50291.31,285.88,309238.912,1006.7954,,332.06,74.1857,43.6421,,,,,,,,,,,,,,,,23500.,,,,,,,,,,,,,,,,,,,,,,,,,,,,,,9.2,1751,,,136,2930,4,49,,,,,,11.26,23.1,0.53,1.23,0.09,,,,,,,,,,,,,2.8,0.11,0.21,0.02,0.08,0.04,0,0.02,0.01,0.07,0.02,0.07,0.01,0.1,0.02,,0.01,,,,,,,,,2.97,,0.01,0.007,,,,,,,,,,,,,,,,,,,,,,,,,225290,
[8521],ARCHEAN CRATON (INCLUDING GREENSTONE BELTS),NORTH CHINA CRATON / WUTAI(SHAN) GREENSTONE BELT / WUTAI GROUP (WUTAI GREENSCHIST ASSEMBLAGE),,38.9917,38.9917,113.7169,113.7169,SUBAERIAL,,,s 2002-90 [8521],NOT GIVEN [8521],2500000000 [8521],2550000000 [8521],,ARCHEAN [8521],,,,,PLUTONIC ROCK,,,,,WHOLE_ROCK [8521] ,196135.72600000002,179.802,,529.2510000000001,,,,42518.31,2001.16,310384.68799999997,851.9038,,249.045,74.1857,43.6421,,,,,,,,,,,,,,,,19400.,,,,,,,,,,,,,,,,,,,,,,,,,,,,,,8.5,1813,,,83,1230,3,53,,,,,,7.14,31,2.16,3.99,0.37,,,,,,,,,,,,,4.1,0.21,0.49,0.07,0.35,0.17,0.03,0.24,0.06,0.41,0.08,0.23,0.04,0.29,0.06,,0.05,,,,,,,,,4.54,,0,0.003,,,,,,,,,,,,,,,,,,,,,,,,,225291,
[8521],ARCHEAN CRATON (INCLUDING GREENSTONE BELTS),NORTH CHINA CRATON / WUTAI(SHAN) GREENSTONE BELT / WUTAI GROUP (WUTAI GREENSCHIST ASSEMBLAGE),,38.9914,38.9914,113.7167,113.7167,SUBAERIAL,,,s 2002-91 [8521],NOT GIVEN [8521],2500000000 [8521],2550000000 [8521],,ARCHEAN [8521],,,,,PLUTONIC ROCK,,,,,WHOLE_ROCK [8521] ,195387.83000000002,239.736,,1534.8279,,,,41818.74,1572.34,310565.6,929.3496,,166.03,74.1857,43.6421,,,,,,,,,,,,,,,,24100.,,,,,,,,,,,,,,,,,,,,,,,,,,,,,,16.6,1822,,,116,2820,4,38,,,,,,7.17,27.3,0.82,11.27,0.18,,,,,,,,,,,,,3,0.18,0.42,0.06,0.27,0.09,0.02,0.11,0.02,0.12,0.03,0.1,0.02,0.12,0.02,,0.01,,,,,,,,,3,,0.01,0.003,,,,,,,,,,,,,,,,,,,,,,,,,225292,
[8521],ARCHEAN CRATON (INCLUDING GREENSTONE BELTS),NORTH CHINA CRATON / WUTAI(SHAN) GREENSTONE BELT / WUTAI GROUP (WUTAI GREENSCHIST ASSEMBLAGE),,38.9914,38.9914,113.7167,113.7167,SUBAERIAL,,,s 2002-91B [8521],NOT GIVEN [8521],2500000000 [8521],2550000000 [8521],,ARCHEAN [8521],,,,,PLUTONIC ROCK,,,,,WHOLE_ROCK [8521] ,190012.3275,179.802,,2963.8056000000006,,,,47026.65,1000.58,311952.59199999995,1006.7954,,166.03,74.1857,43.6421,,,,,,,,,,,,,,,,24600.,,,,,,,,,,,,,,,,,,,,,,,,,,,,,,9.9,1332,,,148,2850,2,44,,,,,,12.29,23.2,0.83,3.44,0.1,,,,,,,,,,,,,3.6,0.15,0.33,0.05,0.2,0.08,0.01,0.07,0.01,0.11,0.03,0.1,0.02,0.13,0.02,,0.02,,,,,,,,,4.18,,0.01,0.007,,,,,,,,,,,,,,,,,,,,,,,,,225293,
[8521],ARCHEAN CRATON (INCLUDING GREENSTONE BELTS),NORTH CHINA CRATON / WUTAI(SHAN) GREENSTONE BELT / WUTAI GROUP (WUTAI GREENSCHIST ASSEMBLAGE),,39.0244,39.0244,114.1271,114.1271,SUBAERIAL,,,s 2002-43 [8521],NOT GIVEN [8521],2500000000 [8521],2550000000 [8521],,ARCHEAN [8521],,,,,PLUTONIC ROCK,,,EXTENSIVELY ALTERED,,WHOLE_ROCK [8521] ,215534.27850000001,659.274,,11855.222400000002,,,,45005.67,15437.52,257739.296,1239.1328,,249.045,74.1857,43.6421,,,,,,,,,,,,,,,,126000.,,,,,,,,,,,,,,,,,,,,,,,,,,,,,,11.3,3388,,,94,2170,11,72,,,,,,12.38,25.4,2.74,2.34,0.25,,,,,,,,,,,,,2.4,0.2,0.89,0.16,0.85,0.32,0.12,0.4,0.08,0.51,0.11,0.32,0.04,0.28,0.04,,0.02,,,,,,,,,3.22,,0.04,0.013,,,,,,,,,,,,,,,,,,,,,,,,,225294,
[8521],ARCHEAN CRATON (INCLUDING GREENSTONE BELTS),NORTH CHINA CRATON / WUTAI(SHAN) GREENSTONE BELT / WUTAI GROUP (WUTAI GREENSCHIST ASSEMBLAGE),,38.8689,38.8689,113.7143,113.7143,SUBAERIAL,,,s 2002-64A [8521],BASALT [8521],2500000000 [8521],2550000000 [8521],,ARCHEAN [8521],,,,,VOLCANIC ROCK,,,,,WHOLE_ROCK [8521] ,236522.11000000002,5813.597999999999,,82457.3058,,,,80606.01,69111.49,46072.255999999994,1548.9160000000002,,6392.155,21884.7815,436.42100000000005,,,,,,,,,,,,,,,,10100.,,,,,,,,,,,,,,,,,,,,,,,,,,,,,,324,270,,,64,205,68,129,,,,,,20,441,15.3,18,1.01,,,,,,,,,,,,,194,6.23,13.62,2.02,9.25,2.53,0.88,2.89,0.49,3,0.59,1.7,0.22,1.45,0.2,,0.07,,,,,,,,,5.6,,0.75,0.141,,,,,,,,,,,,,,,,,,,,,,,,,225295,
[8521],ARCHEAN CRATON (INCLUDING GREENSTONE BELTS),NORTH CHINA CRATON / WUTAI(SHAN) GREENSTONE BELT / WUTAI GROUP (WUTAI GREENSCHIST ASSEMBLAGE),,38.8733,38.8733,113.7673,113.7673,SUBAERIAL,,,s 2002-72 [8521],BASALT [8521],2500000000 [8521],2550000000 [8521],,ARCHEAN [8521],,,,,VOLCANIC ROCK,,,,,WHOLE_ROCK [8521] ,238812.54150000002,5633.795999999999,,72983.7129,,,,100116.24,70183.54000000001,39378.512,1626.3618,,7471.35,17136.8967,436.42100000000005,,,,,,,,,,,,,,,,9100.,,,,,,,,,,,,,,,,,,,,,,,,,,,,,,369,131,,,67,69,84,178,,,,,,41,252,20.1,32,2.13,,,,,,,,,,,,,122,6.8,15.62,2.13,9.65,2.64,0.89,3.11,0.55,3.67,0.79,2.33,0.33,2.23,0.32,,0.14,,,,,,,,,7.3,,0.61,0.094,,,,,,,,,,,,,,,,,,,,,,,,,225296,
[8521],ARCHEAN CRATON (INCLUDING GREENSTONE BELTS),NORTH CHINA CRATON / WUTAI(SHAN) GREENSTONE BELT / WUTAI GROUP (WUTAI GREENSCHIST ASSEMBLAGE),,38.8669,38.8669,113.7135,113.7135,SUBAERIAL,,,s 2002-63 [8521],BASALT [8521],2500000000 [8521],2550000000 [8521],,ARCHEAN [8521],,,,,VOLCANIC ROCK,,,,,WHOLE_ROCK [8521] ,236522.11000000002,7371.882,,81610.5042,,,,92110.05,67753.56,41006.719999999994,1471.4702,,8467.53,14392.0258,610.9894,,,,,,,,,,,,,,,,12100.,,,,,,,,,,,,,,,,,,,,,,,,,,,,,,283,82,,,61,137,140,114,,,,,,25,246,20.4,24,2.53,,,,,,,,,,,,,214,10.56,24.35,3.2,14.19,3.62,1.15,3.88,0.64,4,0.8,2.25,0.31,1.97,0.28,,0.18,,,,,,,,,7.5,,2.02,0.354,,,,,,,,,,,,,,,,,,,,,,,,,225297,
[8521],ARCHEAN CRATON (INCLUDING GREENSTONE BELTS),NORTH CHINA CRATON / WUTAI(SHAN) GREENSTONE BELT / WUTAI GROUP (WUTAI GREENSCHIST ASSEMBLAGE),,38.8733,38.8733,113.7673,113.7673,SUBAERIAL,,,s 2002-71 [8521],BASALT [8521],2500000000 [8521],2550000000 [8521],,ARCHEAN [8521],,,,,VOLCANIC ROCK,,,,,WHOLE_ROCK [8521] ,237223.2625,5933.465999999999,,72242.76150000001,,,,103225.43999999999,70683.83,39559.42399999999,1781.2534,,6641.200000000001,16765.9682,480.0631,,,,,,,,,,,,,,,,3000.,,,,,,,,,,,,,,,,,,,,,,,,,,,,,,343,112,,,63,65,92,143,,,,,,35,206,20.3,43,2.18,,,,,,,,,,,,,121,6.66,16.57,2.2,9.63,2.61,0.91,3.2,0.58,3.69,0.79,2.37,0.35,2.31,0.35,,0.15,,,,,,,,,6.3,,0.72,0.082,,,,,,,,,,,,,,,,,,,,,,,,,225298,
[8521],ARCHEAN CRATON (INCLUDING GREENSTONE BELTS),NORTH CHINA CRATON / WUTAI(SHAN) GREENSTONE BELT / WUTAI GROUP (WUTAI GREENSCHIST ASSEMBLAGE),,38.7787,38.7787,113.7404,113.7404,SUBAERIAL,,,s 2002-73 [8521],BASALT [8521],2500000000 [8521],2550000000 [8521],,ARCHEAN [8521],,,,,VOLCANIC ROCK,,,,,WHOLE_ROCK [8521] ,231987.99050000004,6952.343999999999,,80869.5528,,,,93198.27,60535.090000000004,46735.6,1471.4702,,13116.37,18472.2393,567.3473,,,,,,,,,,,,,,,,10600.,,,,,,,,,,,,,,,,,,,,,,,,,,,,,,270,83,,,64,156,180,114,,,,,,50,217,20.4,38,3.45,,,,,,,,,,,,,332,11.46,24.9,3.39,14.59,3.6,1.07,3.84,0.65,3.95,0.82,2.33,0.32,2.08,0.3,,0.24,,,,,,,,,5.9,,1.98,0.281,,,,,,,,,,,,,,,,,,,,,,,,,225299,
[8521],ARCHEAN CRATON (INCLUDING GREENSTONE BELTS),NORTH CHINA CRATON / WUTAI(SHAN) GREENSTONE BELT / WUTAI GROUP (WUTAI GREENSCHIST ASSEMBLAGE),,38.8689,38.8689,113.7401,113.7401,SUBAERIAL,,,s 2002-74 [8521],BASALT [8521],2500000000 [8521],2550000000 [8521],,ARCHEAN [8521],,,,,VOLCANIC ROCK,,,,,WHOLE_ROCK [8521] ,237784.1845,11027.856,,88437.84210000001,,,,90399.99,56961.59,29126.832,1394.0244,,28889.22,2225.571,3927.789,,,,,,,,,,,,,,,,5000.,,,,,,,,,,,,,,,,,,,,,,,,,,,,,,204,,,,33,41,68,54,,,,,,15,577,31.2,48,8.04,,,,,,,,,,,,,317,22.51,50.65,7.09,31.06,6.83,2.02,6.12,0.96,5.45,1.09,3.04,0.42,2.71,0.42,,0.6,,,,,,,,,12.1,,1.51,0.281,,,,,,,,,,,,,,,,,,,,,,,,,225300,
[8521],ARCHEAN CRATON (INCLUDING GREENSTONE BELTS),NORTH CHINA CRATON / WUTAI(SHAN) GREENSTONE BELT / WUTAI GROUP (WUTAI GREENSCHIST ASSEMBLAGE),,38.9303,38.9303,113.693,113.693,SUBAERIAL,,,s 2002-85 [8521],BASALT [8521],2500000000 [8521],2550000000 [8521],,ARCHEAN [8521],,,,,VOLCANIC ROCK,,,,,WHOLE_ROCK [8521] ,228201.76700000002,6173.202,,66526.85070000001,,,,105790.53,69325.9,65188.623999999996,2168.4824000000003,,10625.92,667.6713,1352.9051,,,,,,,,,,,,,,,,14200.,,,,,,,,,,,,,,,,,,,,,,,,,,,,,,234,139,,,32,44,5,99,,,,,,9,32,32,32,3.49,,,,,,,,,,,,,76,11.49,26.1,3.42,15.29,4.3,1.89,5.58,0.93,5.87,1.19,3.45,0.48,3.16,0.48,,0.23,,,,,,,,,8.1,,0.75,0.3,,,,,,,,,,,,,,,,,,,,,,,,,225301,
[8521],ARCHEAN CRATON (INCLUDING GREENSTONE BELTS),NORTH CHINA CRATON / WUTAI(SHAN) GREENSTONE BELT / WUTAI GROUP (WUTAI GREENSCHIST ASSEMBLAGE),,39.0068,39.0068,114.1283,114.1283,SUBAERIAL,,,s 2002-11 [8521],BASALT [8521],2500000000 [8521],2550000000 [8521],,ARCHEAN [8521],,,,,VOLCANIC ROCK,,,EXTENSIVELY ALTERED,,WHOLE_ROCK [8521] ,237456.98,5154.324,,80075.6763,,,,77496.81000000001,68968.55,50715.664,1394.0244,,27810.025,519.2999,2007.5366000000001,,,,,,,,,,,,,,,,8100.000000000001,,,,,,,,,,,,,,,,,,,,,,,,,,,,,,238,276,,,50,142,41,48,,,,,,8,124,17.2,24,1.49,,,,,,,,,,,,,149,12.07,16.25,1.78,7.07,1.92,0.7,2.71,0.45,3.01,0.64,1.9,0.27,1.77,0.27,,0.17,,,,,,,,,,,0.32,0.152,,,,,,,,,,,,,,,,,,,,,,,,,225302,
[8521],ARCHEAN CRATON (INCLUDING GREENSTONE BELTS),NORTH CHINA CRATON / WUTAI(SHAN) GREENSTONE BELT / WUTAI GROUP (WUTAI GREENSCHIST ASSEMBLAGE),,38.5,39.5,113,114,SUBAERIAL,,,s 2002-92 [8521],BASALT [8521],2500000000 [8521],2550000000 [8521],,ARCHEAN [8521],,,,,VOLCANIC ROCK,,,,,WHOLE_ROCK [8521] ,231567.29900000003,5813.597999999999,,88649.54250000001,,,,84414.78,61821.55,41971.583999999995,1084.2412000000002,,13863.505,22700.8242,829.1999000000001,,,,,,,,,,,,,,,,11600.,,,,,,,,,,,,,,,,,,,,,,,,,,,,,,223,155,,,53,158,78,86,,,,,,43,356,17.4,63,3.23,,,,,,,,,,,,,411,11.46,27.49,3.67,15.76,3.53,1.18,3.43,0.56,3.29,0.68,2.04,0.28,1.82,0.28,,0.19,,,,,,,,,3.7,,0.69,0.099,,,,,,,,,,,,,,,,,,,,,,,,,225303,
[8521],ARCHEAN CRATON (INCLUDING GREENSTONE BELTS),NORTH CHINA CRATON / WUTAI(SHAN) GREENSTONE BELT / WUTAI GROUP (WUTAI GREENSCHIST ASSEMBLAGE),,38.5,39.5,113,114,SUBAERIAL,,,s 2002-93 [8521],BASALT [8521],2500000000 [8521],2550000000 [8521],,ARCHEAN [8521],,,,,VOLCANIC ROCK,,,,,WHOLE_ROCK [8521] ,230538.942,9829.176,,70390.383,,,,116439.54000000001,63965.649999999994,34192.367999999995,2323.374,,16686.015,14095.283,1134.6946,,,,,,,,,,,,,,,,11600.,,,,,,,,,,,,,,,,,,,,,,,,,,,,,,451,93,,,58,48,63,122,,,,,,61,167,26.3,29,3.45,,,,,,,,,,,,,416,11.95,28.06,3.75,16.14,4.78,1.24,4.45,0.77,4.89,1.03,3.04,0.43,2.85,0.41,,0.24,,,,,,,,,8.4,,0.8,0.552,,,,,,,,,,,,,,,,,,,,,,,,,225304,
[8521],ARCHEAN CRATON (INCLUDING GREENSTONE BELTS),NORTH CHINA CRATON / WUTAI(SHAN) GREENSTONE BELT / WUTAI GROUP (WUTAI GREENSCHIST ASSEMBLAGE),,38.5,39.5,113,114,SUBAERIAL,,,s 2002-94 [8521],BASALT [8521],2500000000 [8521],2550000000 [8521],,ARCHEAN [8521],,,,,VOLCANIC ROCK,,,,,WHOLE_ROCK [8521] ,235587.24000000002,10008.978,,71395.9599,,,,108044.7,57176,34433.583999999995,2478.2656,,20836.765,16320.854000000001,1091.0525,,,,,,,,,,,,,,,,12100.,,,,,,,,,,,,,,,,,,,,,,,,,,,,,,421,73,,,54,63,81,132,,,,,,78,210,29.8,76,4.34,,,,,,,,,,,,,631,16.1,35.54,4.61,19.88,4.74,1.41,5.26,0.86,5.46,1.13,3.3,0.46,2.95,0.45,,0.27,,,,,,,,,8.3,,1.52,0.226,,,,,,,,,,,,,,,,,,,,,,,,,225305,
[8521],ARCHEAN CRATON (INCLUDING GREENSTONE BELTS),NORTH CHINA CRATON / WUTAI(SHAN) GREENSTONE BELT / WUTAI GROUP (WUTAI GREENSCHIST ASSEMBLAGE),,38.5,39.5,113,114,SUBAERIAL,,,s TK-15 [8521],BASALT [8521],2500000000 [8521],2550000000 [8521],,ARCHEAN [8521],,,,,VOLCANIC ROCK,,,,,WHOLE_ROCK [8521] ,239420.20700000002,6173.202,,71872.2858,,,,98950.29000000001,72827.93,42031.888,1703.8076,,4648.84,14466.2115,567.3473,,,,,,,,,,,,,,,,9600.,,,,,,,,,,,,,,,,,,,,,,,,,,,,,,340,180,,,60,83,54,91,,,,,,12,175,20.3,22,2.21,,,,,,,,,,,,,151,9.33,20.86,2.75,11.89,2.91,0.9,3.32,0.56,3.65,0.77,2.33,0.33,2.2,0.33,,0.14,,,,,,,,,2.8,,0.94,0.107,,,,,,,,,,,,,,,,,,,,,,,,,225306,
[8521],ARCHEAN CRATON (INCLUDING GREENSTONE BELTS),NORTH CHINA CRATON / WUTAI(SHAN) GREENSTONE BELT / WUTAI GROUP (WUTAI GREENSCHIST ASSEMBLAGE),,38.9303,38.9303,113.693,113.693,SUBAERIAL,,,s 2002-86 [8521],BASALT [8521],2500000000 [8521],2550000000 [8521],,ARCHEAN [8521],,,,,VOLCANIC ROCK,,,,,WHOLE_ROCK [8521] ,222966.49500000002,3655.9739999999997,,76159.2189,,,,106723.29000000001,70612.36,57650.623999999996,2245.9282,,14859.685,370.9285,2007.5366000000001,,,,,,,,,,,,,,,,9100.,,,,,,,,,,,,,,,,,,,,,,,,,,,,,,199,207,,,35,63,,114,,,,,,11,48,16,15,1.73,,,,,,,,,,,,,78,3.1,7.41,1.05,5.36,1.88,1.07,2.54,0.44,2.87,0.6,1.81,0.26,1.64,0.25,,0.09,,,,,,,,,,,0.21,0.067,,,,,,,,,,,,,,,,,,,,,,,,,225307,
[8521],ARCHEAN CRATON (INCLUDING GREENSTONE BELTS),NORTH CHINA CRATON / WUTAI(SHAN) GREENSTONE BELT / WUTAI GROUP (WUTAI GREENSCHIST ASSEMBLAGE),,38.5,39.5,113,114,SUBAERIAL,,,s TK16 [8521],BASALT [8521],2500000000 [8521],2550000000 [8521],,ARCHEAN [8521],,,,,VOLCANIC ROCK,,,,,WHOLE_ROCK [8521] ,230632.42900000003,5693.73,,77482.34640000001,,,,100193.97,69826.19,46856.20799999999,1626.3618,,22829.125,593.4856,698.2736,,,,,,,,,,,,,,,,25600.,,,,,,,,,,,,,,,,,,,,,,,,,,,,,,264,211,,,38,97,52,68,,,,,,2,187,17.4,25,1.71,,,,,,,,,,,,,41,2.84,7.67,1.17,5.95,1.93,0.72,2.64,0.45,3.17,0.68,2.01,0.29,1.92,0.27,,0.12,,,,,,,,,,,0.24,0.036,,,,,,,,,,,,,,,,,,,,,,,,,225308,
[8521],ARCHEAN CRATON (INCLUDING GREENSTONE BELTS),NORTH CHINA CRATON / WUTAI(SHAN) GREENSTONE BELT / WUTAI GROUP (WUTAI GREENSCHIST ASSEMBLAGE),,39.0068,39.0068,114.1283,114.1283,SUBAERIAL,,,s 2002-3 [8521],ANDESITE [8521],2500000000 [8521],2550000000 [8521],,ARCHEAN [8521],,,,,VOLCANIC ROCK,,,,,WHOLE_ROCK [8521] ,295605.89400000003,3236.436,,86109.1377,,,,42362.85,37092.93,16885.12,851.9038,,10957.980000000001,32344.965200000002,523.7052,,,,,,,,,,,,,,,,13200.,,,,,,,,,,,,,,,,,,,,,,,,,,,,,,104,111,,,19,42,3,102,,,,,,30,324,8.7,73,1.54,,,,,,,,,,,,,309,13.33,27.67,3.1,11.51,2.19,0.6,1.89,0.3,1.69,0.33,0.97,0.14,0.87,0.14,,0.14,,,,,,,,,15.8,,2.63,0.266,,,,,,,,,,,,,,,,,,,,,,,,,225309,
[8521],ARCHEAN CRATON (INCLUDING GREENSTONE BELTS),NORTH CHINA CRATON / WUTAI(SHAN) GREENSTONE BELT / WUTAI GROUP (WUTAI GREENSCHIST ASSEMBLAGE),,39.0068,39.0068,114.1283,114.1283,SUBAERIAL,,,s 2002-12 [8521],ANDESITE [8521],2500000000 [8521],2550000000 [8521],,ARCHEAN [8521],,,,,VOLCANIC ROCK,,,,,WHOLE_ROCK [8521] ,294530.7935,3176.502,,85844.5122,,,,42362.85,32590.319999999996,16885.12,1858.6992,,24157.365,26261.7378,523.7052,,,,,,,,,,,,,,,,14200.,,,,,,,,,,,,,,,,,,,,,,,,,,,,,,112,47,,,16,38,5,223,,,,,,69,177,9.8,77,2.27,,,,,,,,,,,,,717,13.48,26.96,3.04,11.74,2.29,0.6,2.08,0.29,1.88,0.37,1.04,0.14,0.86,0.13,,0.18,,,,,,,,,51.7,,2.28,0.372,,,,,,,,,,,,,,,,,,,,,,,,,225310,
[8521],ARCHEAN CRATON (INCLUDING GREENSTONE BELTS),NORTH CHINA CRATON / WUTAI(SHAN) GREENSTONE BELT / WUTAI GROUP (WUTAI GREENSCHIST ASSEMBLAGE),,39.0068,39.0068,114.1283,114.1283,SUBAERIAL,,,s 2002-13 [8521],ANDESITE [8521],2500000000 [8521],2550000000 [8521],,ARCHEAN [8521],,,,,VOLCANIC ROCK,,,,,WHOLE_ROCK [8521] ,295231.946,3116.5679999999998,,86903.01420000002,,,,40186.409999999996,36020.88,16221.775999999998,2400.8197999999998,,23576.26,23442.6812,523.7052,,,,,,,,,,,,,,,,23500.,,,,,,,,,,,,,,,,,,,,,,,,,,,,,,100,45,,,17,35,3,361,,,,,,69,188,10.1,69,3.8,,,,,,,,,,,,,534,14.53,30.33,3.33,12.42,2.35,0.61,2.11,0.32,1.84,0.36,1.03,0.14,0.93,0.15,,0.27,,,,,,,,,58.9,,2.61,0.4,,,,,,,,,,,,,,,,,,,,,,,,,225311,
[8521],ARCHEAN CRATON (INCLUDING GREENSTONE BELTS),NORTH CHINA CRATON / WUTAI(SHAN) GREENSTONE BELT / WUTAI GROUP (WUTAI GREENSCHIST ASSEMBLAGE),,39.0068,39.0068,114.1283,114.1283,SUBAERIAL,,,s 2002-25 [8521],ANDESITE [8521],2500000000 [8521],2550000000 [8521],,ARCHEAN [8521],,,,,VOLCANIC ROCK,,,,,WHOLE_ROCK [8521] ,293642.667,3056.634,,84891.8604,,,,42751.5,39451.439999999995,16704.208,1858.6992,,32541.88,890.2284,8553.8516,,,,,,,,,,,,,,,,11100.000000000002,,,,,,,,,,,,,,,,,,,,,,,,,,,,,,13,,,,3,,,33,,,,,,58,215,11.2,163,3.49,,,,,,,,,,,,,449,12.95,26.99,3.02,11.3,2.22,0.74,2.11,0.31,1.84,0.38,1.14,0.16,1.08,0.17,,0.27,,,,,,,,,8.1,,2.39,0.354,,,,,,,,,,,,,,,,,,,,,,,,,225312,
[8521],ARCHEAN CRATON (INCLUDING GREENSTONE BELTS),NORTH CHINA CRATON / WUTAI(SHAN) GREENSTONE BELT / WUTAI GROUP (WUTAI GREENSCHIST ASSEMBLAGE),,39.0155,39.0155,114.1229,114.1229,SUBAERIAL,,,s 2002-34 [8521],ANDESITE [8521],2500000000 [8521],2550000000 [8521],,ARCHEAN [8521],,,,,VOLCANIC ROCK,,,,,WHOLE_ROCK [8521] ,297054.9425,3296.37,,84574.3098,,,,42207.39,41952.89,16221.775999999998,697.0122,,12286.22,26929.409099999997,523.7052,,,,,,,,,,,,,,,,7600.,,,,,,,,,,,,,,,,,,,,,,,,,,,,,,106,51,,,19,38,18,64,,,,,,74,301,11.2,94,3.99,,,,,,,,,,,,,281,15.04,31.29,3.48,12.73,2.42,0.72,2.22,0.34,2.02,0.39,1.15,0.15,1.04,0.16,,0.29,,,,,,,,,7.2,,2.79,0.313,,,,,,,,,,,,,,,,,,,,,,,,,225313,
[8521],ARCHEAN CRATON (INCLUDING GREENSTONE BELTS),NORTH CHINA CRATON / WUTAI(SHAN) GREENSTONE BELT / WUTAI GROUP (WUTAI GREENSCHIST ASSEMBLAGE),,38.8729,38.8729,113.7468,113.7468,SUBAERIAL,,,s 2002-62 [8521],ANDESITE [8521],2500000000 [8521],2550000000 [8521],,ARCHEAN [8521],,,,,VOLCANIC ROCK,,,,,WHOLE_ROCK [8521] ,297101.68600000005,3895.71,,85632.8118,,,,41507.82,29660.050000000003,14533.264,697.0122,,35613.435,1928.8282,10779.5987,,,,,,,,,,,,,,,,13700.000000000002,,,,,,,,,,,,,,,,,,,,,,,,,,,,,,83,,,,12,12,10,59,,,,,,77,684,16.2,183,7.1,,,,,,,,,,,,,1145,44.3,78.86,9.62,37.71,5.98,1.71,4.75,0.68,3.05,0.57,1.48,0.21,1.32,0.22,,,,,,,,,,,12.2,,8.21,1.723,,,,,,,,,,,,,,,,,,,,,,,,,225314,
[8521],ARCHEAN CRATON (INCLUDING GREENSTONE BELTS),NORTH CHINA CRATON / WUTAI(SHAN) GREENSTONE BELT / WUTAI GROUP (WUTAI GREENSCHIST ASSEMBLAGE),,39.0068,39.0068,114.1283,114.1283,SUBAERIAL,,,s 2002-19 [8521],DACITE [8521],2500000000 [8521],2550000000 [8521],,ARCHEAN [8521],,,,,VOLCANIC ROCK,,,,,WHOLE_ROCK [8521] ,328793.77900000004,2037.756,,82721.93130000001,,,,22619.43,22012.760000000002,5728.879999999999,387.22900000000004,,38518.96,964.4141,7026.378100000001,,,,,,,,,,,,,,,,17800.,,,,,,,,,,,,,,,,,,,,,,,,,,,,,,77,,,,14,24,,118,,,,,,52,264,11.1,168,5.31,,,,,,,,,,,,,420,33.26,68.08,7.33,24.54,3.66,0.92,2.61,0.38,2,0.39,1.1,0.15,0.94,0.13,,0.46,,,,,,,,,42.7,,7.66,0.536,,,,,,,,,,,,,,,,,,,,,,,,,225315,
[8521],ARCHEAN CRATON (INCLUDING GREENSTONE BELTS),NORTH CHINA CRATON / WUTAI(SHAN) GREENSTONE BELT / WUTAI GROUP (WUTAI GREENSCHIST ASSEMBLAGE),,39.0151,39.0151,114.1222,114.1222,SUBAERIAL,,,s 2002-36 [8521],DACITE [8521],2500000000 [8521],2550000000 [8521],,ARCHEAN [8521],,,,,VOLCANIC ROCK,,,,,WHOLE_ROCK [8521] ,333514.8725,1678.152,,77482.34640000001,,,,21298.02,20869.239999999998,5668.575999999999,309.7832,,33538.06,445.1142,11652.4407,,,,,,,,,,,,,,,,5500.,,,,,,,,,,,,,,,,,,,,,,,,,,,,,,28,0.4,,,6,11,12,29,,,,,,124,172,12,176,4.7,,,,,,,,,,,,,619,30.49,61.13,6.22,20.02,3.13,0.66,2.55,0.38,2.13,0.42,1.29,0.18,1.2,0.18,,0.54,,,,,,,,,10.1,,9.85,0.532,,,,,,,,,,,,,,,,,,,,,,,,,225316,
[8521],ARCHEAN CRATON (INCLUDING GREENSTONE BELTS),NORTH CHINA CRATON / WUTAI(SHAN) GREENSTONE BELT / WUTAI GROUP (WUTAI GREENSCHIST ASSEMBLAGE),,39.0151,39.0151,114.1222,114.1222,SUBAERIAL,,,s 2002-37 [8521],DACITE [8521],2500000000 [8521],2550000000 [8521],,ARCHEAN [8521],,,,,VOLCANIC ROCK,,,,,WHOLE_ROCK [8521] ,338095.7355,1618.218,,76370.91930000001,,,,20365.260000000002,18796.61,5367.056,387.22900000000004,,35115.345,370.9285,9644.9041,,,,,,,,,,,,,,,,10100.,,,,,,,,,,,,,,,,,,,,,,,,,,,,,,27,,,,5,10,6,46,,,,,,98,171,13.1,171,5.55,,,,,,,,,,,,,567,32.08,60.63,6.31,20.63,3.14,0.65,2.45,0.38,2.2,0.44,1.29,0.19,1.24,0.19,,0.89,,,,,,,,,12.1,,9.81,0.68,,,,,,,,,,,,,,,,,,,,,,,,,225317,
[8521],ARCHEAN CRATON (INCLUDING GREENSTONE BELTS),NORTH CHINA CRATON / WUTAI(SHAN) GREENSTONE BELT / WUTAI GROUP (WUTAI GREENSCHIST ASSEMBLAGE),,39.0068,39.0068,114.1283,114.1283,SUBAERIAL,,,s 2002-14 [8521],RHYOLITE [8521],2500000000 [8521],2550000000 [8521],,ARCHEAN [8521],,,,,VOLCANIC ROCK,,,,,WHOLE_ROCK [8521] ,363570.943,419.538,,66791.4762,,,,8783.49,10363.15,3075.504,154.8916,,14361.595,33828.6792,43.6421,,,,,,,,,,,,,,,,11600.,,,,,,,,,,,,,,,,,,,,,,,,,,,,,,5,9,,,4,2,33,27,,,,,,51,116,9.7,89,5.86,,,,,,,,,,,,,526,17.09,36.16,4.16,14.58,2.9,0.42,2.13,0.32,1.9,0.36,1.2,0.18,1.22,0.19,,0.8,,,,,,,,,13.5,,8.53,2.583,,,,,,,,,,,,,,,,,,,,,,,,,225318,
[8521],ARCHEAN CRATON (INCLUDING GREENSTONE BELTS),NORTH CHINA CRATON / WUTAI(SHAN) GREENSTONE BELT / WUTAI GROUP (WUTAI GREENSCHIST ASSEMBLAGE),,38.9269,38.9269,113.693,113.693,SUBAERIAL,,,s 2002-82 [8521],RHYOLITE [8521],2500000000 [8521],2550000000 [8521],,ARCHEAN [8521],,,,,VOLCANIC ROCK,,,,,WHOLE_ROCK [8521] ,373574.052,659.274,,63298.41960000001,,,,7539.8099999999995,3430.56,3738.848,154.8916,,27643.995,18175.4965,87.2842,,,,,,,,,,,,,,,,12100.,,,,,,,,,,,,,,,,,,,,,,,,,,,,,,16,37,,,13,9,13,37,,,,,,61,64,12.6,50,4.67,,,,,,,,,,,,,744,16.24,32.93,3.76,14.27,2.66,0.49,2.18,0.31,2.06,0.42,1.24,0.17,1.13,0.22,,0.5,,,,,,,,,15.5,,8.69,0.864,,,,,,,,,,,,,,,,,,,,,,,,,225319,
[8521],ARCHEAN CRATON (INCLUDING GREENSTONE BELTS),NORTH CHINA CRATON / WUTAI(SHAN) GREENSTONE BELT / WUTAI GROUP (WUTAI GREENSCHIST ASSEMBLAGE),,38.932,38.932,113.6942,113.6942,SUBAERIAL,,,s 2002-83 [8521],RHYOLITE [8521],2500000000 [8521],2550000000 [8521],,ARCHEAN [8521],,,,,VOLCANIC ROCK,,,,,WHOLE_ROCK [8521] ,373433.8215,539.406,,65838.8244,,,,8317.11,4002.32,3980.064,154.8916,,18595.36,21439.6673,43.6421,,,,,,,,,,,,,,,,12100.,,,,,,,,,,,,,,,,,,,,,,,,,,,,,,12,18,,,4,8,12,20,,,,,,49,63,15.7,56,2.14,,,,,,,,,,,,,501,14.64,38.89,3.59,13.08,2.61,0.49,2.31,0.39,2.54,0.54,1.71,0.26,1.77,0.27,,0.43,,,,,,,,,9.7,,11.06,0.452,,,,,,,,,,,,,,,,,,,,,,,,,225320,
[8521],ARCHEAN CRATON (INCLUDING GREENSTONE BELTS),NORTH CHINA CRATON / WUTAI(SHAN) GREENSTONE BELT / WUTAI GROUP (WUTAI GREENSCHIST ASSEMBLAGE),,39.0068,39.0068,114.1283,114.1283,SUBAERIAL,,,s 2002-10 [8521],RHYOLITE [8521],2500000000 [8521],2550000000 [8521],,ARCHEAN [8521],,,,,VOLCANIC ROCK,,,EXTENSIVELY ALTERED,,WHOLE_ROCK [8521] ,361187.0245,419.538,,66156.375,,,,8083.92,17867.5,2593.0719999999997,154.8916,,17267.12,29525.9086,43.6421,,,,,,,,,,,,,,,,13700.000000000002,,,,,,,,,,,,,,,,,,,,,,,,,,,,,,3,8,,,4,6,30,34,,,,,,41,68,9.6,88,6.15,,,,,,,,,,,,,556,10.38,28.15,2.68,9.98,2.1,0.29,1.74,0.3,1.83,0.37,1.17,0.17,1.18,0.42,,0.72,,,,,,,,,14.9,,6.22,2.211,,,,,,,,,,,,,,,,,,,,,,,,,225321,
[8521],ARCHEAN CRATON (INCLUDING GREENSTONE BELTS),NORTH CHINA CRATON / WUTAI(SHAN) GREENSTONE BELT / WUTAI GROUP (WUTAI GREENSCHIST ASSEMBLAGE),,38.9303,38.9303,113.693,113.693,SUBAERIAL,,,s 2002-81 [8521],RHYOLITE [8521],2500000000 [8521],2550000000 [8521],,ARCHEAN [8521],,,,,VOLCANIC ROCK,,,EXTENSIVELY ALTERED,,WHOLE_ROCK [8521] ,363103.5080000001,419.538,,69755.2818,,,,7850.7300000000005,4931.429999999999,4040.368,154.8916,,15855.865,34644.7219,43.6421,,,,,,,,,,,,,,,,8600.,,,,,,,,,,,,,,,,,,,,,,,,,,,,,,7,,,,1,6,0,24,,,,,,54,85,18.7,50,3.01,,,,,,,,,,,,,522,12.31,35.28,3.08,11,2.2,0.45,2.15,0.41,2.85,0.61,1.97,0.3,2.08,0.38,,0.58,,,,,,,,,13.1,,11.94,0.436,,,,,,,,,,,,,,,,,,,,,,,,,225322,
[8677],ARCHEAN CRATON (INCLUDING GREENSTONE BELTS),NORTH CHINA CRATON / WUTAI(SHAN) GREENSTONE BELT / SOUTHERN JINGANGKU ASSEMBLAGE,,38.5,39.5,113,114,SUBAERIAL,,,s WS13 [8677],AMPHIBOLITE [8677],2500000000 [8677],2500000000 [8677],,ARCHEAN [8677],,,,,METAMORPHIC ROCK,,,,,WHOLE_ROCK [8677] ,248955.88100000002,5154.324,,78487.92330000001,,29304.860000000004,50213.58,,46312.560000000005,50112.624,1548.9160000000002,,23493.245,4228.5849,436.42100000000005,,,,,,,,,,,,,,,,16500.,,,,,,,,,,,,,,,,,,,,,,,,,,,,,,,108,,,,81,,,,,,,,7,236,16.39,61,0.49,,,,,,,,,,,,,128,6.78,15.24,1.95,8.19,2.2,0.7,2.91,0.54,3.51,0.74,2.26,0.36,2.24,0.36,2.44,0.04,,,,,,,,,,,1.24,0.38,,,,,,,,,,,,,,,,,,,,,,,,,229534,
[8677],ARCHEAN CRATON (INCLUDING GREENSTONE BELTS),NORTH CHINA CRATON / WUTAI(SHAN) GREENSTONE BELT / SOUTHERN JINGANGKU ASSEMBLAGE,,38.5,39.5,113,114,SUBAERIAL,,,s WS28 [8677],AMPHIBOLITE [8677],2500000000 [8677],2500000000 [8677],,ARCHEAN [8677],,,,,METAMORPHIC ROCK,,,,,WHOLE_ROCK [8677] ,231520.55550000002,5334.126,,72401.5368,,23569.780000000002,72055.70999999999,,46169.62,67238.95999999999,1703.8076,,15440.79,3115.7994,436.42100000000005,,,,,,,,,,,,,,,,29800.,,,,,,,,,,,,,,,,,,,,,,,,,,,,,,,127,,,,51,,,,,,,,7,127,20,52,2.2,,,,,,,,,,,,,70,5.18,12.37,1.77,8.18,2.49,0.83,3.45,0.67,4.48,0.94,2.7,0.44,2.78,0.42,0.2,0.5,,,,,,,,,,,2.07,0.08,,,,,,,,,,,,,,,,,,,,,,,,,229535,
[8677],ARCHEAN CRATON (INCLUDING GREENSTONE BELTS),NORTH CHINA CRATON / WUTAI(SHAN) GREENSTONE BELT / SOUTHERN JINGANGKU ASSEMBLAGE,,38.5,39.5,113,114,SUBAERIAL,,,s WS30 [8677],AMPHIBOLITE [8677],2500000000 [8677],2500000000 [8677],,ARCHEAN [8677],,,,,METAMORPHIC ROCK,,,,,WHOLE_ROCK [8677] ,235213.29200000002,6233.1359999999995,,77535.2715,,30004.260000000002,57520.200000000004,,50100.47,53489.647999999994,1626.3618,,19757.57,3041.6137,174.5684,,,,,,,,,,,,,,,,31400.,,,,,,,,,,,,,,,,,,,,,,,,,,,,,,,87,,,,55,,,,,,,,7,165,12.55,30,0.36,,,,,,,,,,,,,55,4.02,8.5,1.15,5.37,1.4,0.63,2.01,0.38,2.63,0.57,1.71,0.3,1.9,0.28,0.02,0.33,,,,,,,,,,,1.24,0.13,,,,,,,,,,,,,,,,,,,,,,,,,229536,
[8677],ARCHEAN CRATON (INCLUDING GREENSTONE BELTS),NORTH CHINA CRATON / WUTAI(SHAN) GREENSTONE BELT / SOUTHERN JINGANGKU ASSEMBLAGE,,38.5,39.5,113,114,SUBAERIAL,,,s WR7 [8677],AMPHIBOLITE [8677],2500000000 [8677],2500000000 [8677],,ARCHEAN [8677],,,,,METAMORPHIC ROCK,,,,,WHOLE_ROCK [8677] ,231380.325,4734.786,,75629.9679,,28605.46,67158.72,,51315.46,64585.584,1781.2534,,17516.164999999997,4599.5134,436.42100000000005,,,,,,,,,,,,,,,,18400.,,,,,,,,,,,,,,,,,,,,,,,,,,,,,,,103,,,,60,,,,,,,,14,146,16.79,48,1.91,,,,,,,,,,,,,98,4.73,11.16,1.56,6.95,1.86,0.6,2.78,0.48,3.12,0.7,1.86,0.23,,0.28,0.09,0.25,,,,,,,,,,,1.41,0.09,,,,,,,,,,,,,,,,,,,,,,,,,229537,
[8677],ARCHEAN CRATON (INCLUDING GREENSTONE BELTS),NORTH CHINA CRATON / WUTAI(SHAN) GREENSTONE BELT / SOUTHERN JINGANGKU ASSEMBLAGE,,38.5,39.5,113,114,SUBAERIAL,,,s WR9 [8677],AMPHIBOLITE [8677],2500000000 [8677],2500000000 [8677],,ARCHEAN [8677],,,,,METAMORPHIC ROCK,,,,,WHOLE_ROCK [8677] ,232595.65600000002,4854.654,,74783.16630000001,,27346.54,67936.02,,52816.329999999994,63500.111999999994,1858.6992,,12701.295,5118.8133,436.42100000000005,,,,,,,,,,,,,,,,22900.,,,,,,,,,,,,,,,,,,,,,,,,,,,,,,,104,,,,69,,,,,,,,36,130,17.29,49,,,,,,,,,,,,,,80,5.12,12.26,1.63,7.68,2.14,0.59,2.77,0.48,3.38,0.7,1.95,0.29,1.84,0.29,,0.25,,,,,,,,,,,1.52,0.07,,,,,,,,,,,,,,,,,,,,,,,,,229538,
[8677],ARCHEAN CRATON (INCLUDING GREENSTONE BELTS),NORTH CHINA CRATON / WUTAI(SHAN) GREENSTONE BELT / SOUTHERN JINGANGKU ASSEMBLAGE,,38.5,39.5,113,114,SUBAERIAL,,,s WR10 [8677],AMPHIBOLITE [8677],2500000000 [8677],2500000000 [8677],,ARCHEAN [8677],,,,,METAMORPHIC ROCK,,,,,WHOLE_ROCK [8677] ,232081.4775,4435.116,,74518.5408,,29654.56,65837.31000000001,,53602.5,64887.10399999999,1936.145,,13365.415,4302.7706,305.4947,,,,,,,,,,,,,,,,19400.,,,,,,,,,,,,,,,,,,,,,,,,,,,,,,,104,,,,67,,,,,,,,22,131,15.85,44,1.31,,,,,,,,,,,,,85,4.87,10.95,1.5,6.8,1.86,0.56,2.73,0.41,2.92,0.65,1.77,0.26,1.62,0.27,0.01,0.24,,,,,,,,,,,1.31,0.09,,,,,,,,,,,,,,,,,,,,,,,,,229539,
[8677],ARCHEAN CRATON (INCLUDING GREENSTONE BELTS),NORTH CHINA CRATON / WUTAI(SHAN) GREENSTONE BELT / SOUTHERN JINGANGKU ASSEMBLAGE,,38.5,39.5,113,114,SUBAERIAL,,,s WR11 [8677],AMPHIBOLITE [8677],2500000000 [8677],2500000000 [8677],,ARCHEAN [8677],,,,,METAMORPHIC ROCK,,,,,WHOLE_ROCK [8677] ,233904.47400000002,4554.9839999999995,,75947.5185,,26087.62,68557.86,,51458.4,64826.799999999996,2091.0366,,13365.415,3857.6564,480.0631,,,,,,,,,,,,,,,,19400.,,,,,,,,,,,,,,,,,,,,,,,,,,,,,,,110,,,,64,,,,,,,,16,146,17.01,49,1.71,,,,,,,,,,,,,87,5.64,12.7,1.72,7.09,2.19,0.54,2.85,0.46,3.15,0.64,1.91,0.26,1.77,0.27,0.03,0.32,,,,,,,,,,,1.43,0.09,,,,,,,,,,,,,,,,,,,,,,,,,229540,
[8677],ARCHEAN CRATON (INCLUDING GREENSTONE BELTS),NORTH CHINA CRATON / WUTAI(SHAN) GREENSTONE BELT / SOUTHERN JINGANGKU ASSEMBLAGE,,38.5,39.5,113,114,SUBAERIAL,,,s WR12 [8677],AMPHIBOLITE [8677],2500000000 [8677],2500000000 [8677],,ARCHEAN [8677],,,,,METAMORPHIC ROCK,,,,,WHOLE_ROCK [8677] ,230398.7115,3715.908,,73036.638,,25528.1,70112.45999999999,,58676.87,63620.72,1703.8076,,12120.19,3857.6564,261.8526,,,,,,,,,,,,,,,,25800.,,,,,,,,,,,,,,,,,,,,,,,,,,,,,,,117,,,,67,,,,,,,,17,116,13.37,35,1.27,,,,,,,,,,,,,112,4.57,10.4,1.39,6.13,1.62,0.43,2.15,0.35,2.51,0.53,1.43,0.2,1.28,0.2,0.01,0.28,,,,,,,,,,,0.99,0.08,,,,,,,,,,,,,,,,,,,,,,,,,229541,
[8677],ARCHEAN CRATON (INCLUDING GREENSTONE BELTS),NORTH CHINA CRATON / WUTAI(SHAN) GREENSTONE BELT / SOUTHERN JINGANGKU ASSEMBLAGE,,38.5,39.5,113,114,SUBAERIAL,,,s WR13 [8677],AMPHIBOLITE [8677],2500000000 [8677],2500000000 [8677],,ARCHEAN [8677],,,,,METAMORPHIC ROCK,,,,,WHOLE_ROCK [8677] ,231473.81200000003,4614.918,,73354.1886,,33990.840000000004,63116.759999999995,,55889.54,64706.191999999995,1703.8076,,9380.695,3635.0993,305.4947,,,,,,,,,,,,,,,,23800.,,,,,,,,,,,,,,,,,,,,,,,,,,,,,,,109,,,,66,,,,,,,,13,119,16.62,43,0.59,,,,,,,,,,,,,104,5.49,12.33,1.7,7.34,1.94,0.62,2.59,0.44,3.06,0.63,1.74,0.26,1.69,0.26,,0.33,,,,,,,,,,,1.25,0.13,,,,,,,,,,,,,,,,,,,,,,,,,229542,
[8677],ARCHEAN CRATON (INCLUDING GREENSTONE BELTS),NORTH CHINA CRATON / WUTAI(SHAN) GREENSTONE BELT / SOUTHERN JINGANGKU ASSEMBLAGE,,38.5,39.5,113,114,SUBAERIAL,,,s WR15 [8677],AMPHIBOLITE [8677],2500000000 [8677],2500000000 [8677],,ARCHEAN [8677],,,,,METAMORPHIC ROCK,,,,,WHOLE_ROCK [8677] ,229463.84150000004,4854.654,,73724.6643,,,114807.20999999999,,52959.270000000004,61932.20799999999,1858.6992,,12701.295,4896.2562,349.1368,,,,,,,,,,,,,,,,12800.,,,,,,,,,,,,,,,,,,,,,,,,,,,,,,,95,,,,62,,,,,,,,13,115,18.37,50,,,,,,,,,,,,,,129,5.41,12.17,1.77,7.52,1.93,0.6,2.9,0.47,3.52,0.68,1.92,0.25,1.83,0.28,,0.27,,,,,,,,,,,1.42,0.25,,,,,,,,,,,,,,,,,,,,,,,,,229543,
[8677],ARCHEAN CRATON (INCLUDING GREENSTONE BELTS),NORTH CHINA CRATON / WUTAI(SHAN) GREENSTONE BELT / SOUTHERN JINGANGKU ASSEMBLAGE,,38.5,39.5,113,114,SUBAERIAL,,,s WR16 [8677],AMPHIBOLITE [8677],2500000000 [8677],2500000000 [8677],,ARCHEAN [8677],,,,,METAMORPHIC ROCK,,,,,WHOLE_ROCK [8677] ,232315.19500000004,4914.588,,73248.33840000001,,29374.800000000003,72599.81999999999,,51315.46,60484.91199999999,1858.6992,,16686.015,5786.4846,392.77889999999996,,,,,,,,,,,,,,,,19400.,,,,,,,,,,,,,,,,,,,,,,,,,,,,,,,97,,,,59,,,,,,,,25,144,18.25,49,2.12,,,,,,,,,,,,,113,6.09,11.32,1.76,7.24,1.91,0.59,2.81,0.46,3.18,0.65,1.9,0.29,1.72,0.27,0.04,0.27,,,,,,,,,,,1.45,0.31,,,,,,,,,,,,,,,,,,,,,,,,,229544,
[8677],ARCHEAN CRATON (INCLUDING GREENSTONE BELTS),NORTH CHINA CRATON / WUTAI(SHAN) GREENSTONE BELT / SOUTHERN JINGANGKU ASSEMBLAGE,,38.5,39.5,113,114,SUBAERIAL,,,s WR20 [8677],AMPHIBOLITE [8677],2500000000 [8677],2500000000 [8677],,ARCHEAN [8677],,,,,METAMORPHIC ROCK,,,,,WHOLE_ROCK [8677] ,211748.055,4914.588,,77058.9456,,34340.54,53478.24,,87908.1,32322.944,1548.9160000000002,,5478.990000000001,29748.465699999997,349.1368,,,,,,,,,,,,,,,,44300.,,,,,,,,,,,,,,,,,,,,,,,,,,,,,,,80,,,,266,,,,,,,,160,73,14.09,60,1.42,,,,,,,,,,,,,454,7.47,14.52,1.95,7.98,1.88,0.8,2.87,0.41,2.79,0.52,1.3,0.2,1.39,0.19,0.06,1.03,,,,,,,,,,,1.77,0.31,,,,,,,,,,,,,,,,,,,,,,,,,229545,
[8677],ARCHEAN CRATON (INCLUDING GREENSTONE BELTS),NORTH CHINA CRATON / WUTAI(SHAN) GREENSTONE BELT / SOUTHERN JINGANGKU ASSEMBLAGE,,38.5,39.5,113,114,SUBAERIAL,,,s WR21 [8677],AMPHIBOLITE [8677],2500000000 [8677],2500000000 [8677],,ARCHEAN [8677],,,,,METAMORPHIC ROCK,,,,,WHOLE_ROCK [8677] ,224322.05650000004,5813.597999999999,,81769.2795,,31962.58,56354.25,,65037.7,47097.42399999999,1703.8076,,15191.745,11202.0407,392.77889999999996,,,,,,,,,,,,,,,,33500.,,,,,,,,,,,,,,,,,,,,,,,,,,,,,,,84,,,,209,,,,,,,,50,139,17.66,63,0.71,,,,,,,,,,,,,138,7.64,16.66,2.21,9.24,2.58,0.76,3.27,0.52,3.45,0.68,1.76,0.23,1.53,0.21,,1.03,,,,,,,,,,,1.85,0.33,,,,,,,,,,,,,,,,,,,,,,,,,229546,
[8677],ARCHEAN CRATON (INCLUDING GREENSTONE BELTS),NORTH CHINA CRATON / WUTAI(SHAN) GREENSTONE BELT / SOUTHERN JINGANGKU ASSEMBLAGE,,38.5,39.5,113,114,SUBAERIAL,,,s WR22 [8677],AMPHIBOLITE [8677],2500000000 [8677],2500000000 [8677],,ARCHEAN [8677],,,,,METAMORPHIC ROCK,,,,,WHOLE_ROCK [8677] ,230772.6595,7012.277999999999,,80234.4516,,42243.76,50990.88,,47527.55,45348.60799999999,1626.3618,,7886.424999999999,19362.467699999997,654.6315,,,,,,,,,,,,,,,,33700.,,,,,,,,,,,,,,,,,,,,,,,,,,,,,,,62,,,,103,,,,,,,,84,282,22.51,102,0.51,,,,,,,,,,,,,390,13.32,30.54,4.02,16.31,3.71,1.1,4.69,0.81,5.07,0.89,2.3,0.3,2,0.29,,2.42,,,,,,,,,,,3.15,0.78,,,,,,,,,,,,,,,,,,,,,,,,,229547,
[8677],ARCHEAN CRATON (INCLUDING GREENSTONE BELTS),NORTH CHINA CRATON / WUTAI(SHAN) GREENSTONE BELT / NORTHERN JINGANGKU ASSEMBLAGE,,38.5,39.5,113,114,SUBAERIAL,,,s WS55 [8677],AMPHIBOLITE [8677],2500000000 [8677],2500000000 [8677],,ARCHEAN [8677],,,,,METAMORPHIC ROCK,,,,,WHOLE_ROCK [8677] ,236101.4185,5933.465999999999,,72136.9113,,16785.6,76641.78,,46812.85,59459.74399999999,1703.8076,,13780.49,3264.1708,567.3473,,,,,,,,,,,,,,,,32800.,,,,,,,,,,,,,,,,,,,,,,,,,,,,,,,88,,,,55,,,,,,,,5,140,21.39,71,2.81,,,,,,,,,,,,,143,8.71,19.25,2.53,11.29,2.79,1.06,4.23,0.75,4.8,0.97,2.65,0.39,2.66,0.42,0.25,1.33,,,,,,,,,,,2.61,0.29,,,,,,,,,,,,,,,,,,,,,,,,,229548,
[8677],ARCHEAN CRATON (INCLUDING GREENSTONE BELTS),NORTH CHINA CRATON / WUTAI(SHAN) GREENSTONE BELT / NORTHERN JINGANGKU ASSEMBLAGE,,38.5,39.5,113,114,SUBAERIAL,,,s WS59 [8677],AMPHIBOLITE [8677],2500000000 [8677],2500000000 [8677],,ARCHEAN [8677],,,,,METAMORPHIC ROCK,,,,,WHOLE_ROCK [8677] ,234138.19150000004,5394.0599999999995,,70655.0085,,48958,49280.82,,48313.72,63017.67999999999,1781.2534,,9463.71,2967.428,349.1368,,,,,,,,,,,,,,,,27799.999999999996,,,,,,,,,,,,,,,,,,,,,,,,,,,,,,,48,,,,46,,,,,,,,4,108,20.04,55,,,,,,,,,,,,,,73,5.69,14.14,1.9,8.62,2.38,0.89,3.29,0.57,4.06,0.87,2.46,0.39,2.6,0.43,,0.6,,,,,,,,,,,1.84,0.1,,,,,,,,,,,,,,,,,,,,,,,,,229549,
[8677],ARCHEAN CRATON (INCLUDING GREENSTONE BELTS),NORTH CHINA CRATON / WUTAI(SHAN) GREENSTONE BELT / NORTHERN JINGANGKU ASSEMBLAGE,,38.5,39.5,113,114,SUBAERIAL,,,s WS60 [8677],AMPHIBOLITE [8677],2500000000 [8677],2500000000 [8677],,ARCHEAN [8677],,,,,METAMORPHIC ROCK,,,,,WHOLE_ROCK [8677] ,245964.29700000002,4614.918,,75577.0428,,16785.6,62572.65000000001,,49171.36,46675.296,1703.8076,,24572.44,4376.9563,1178.3367,,,,,,,,,,,,,,,,32800.,,,,,,,,,,,,,,,,,,,,,,,,,,,,,,,79,,,,46,,,,,,,,13,1444,17.71,105,5.59,,,,,,,,,,,,,190,22.89,50.24,6.33,25.08,5.29,1.29,5.14,0.75,3.93,0.77,2.24,0.32,2.07,0.33,0.36,2.82,,,,,,,,,,,3.65,0.4,,,,,,,,,,,,,,,,,,,,,,,,,229550,
[8677],ARCHEAN CRATON (INCLUDING GREENSTONE BELTS),NORTH CHINA CRATON / WUTAI(SHAN) GREENSTONE BELT / NORTHERN JINGANGKU ASSEMBLAGE,,38.5,39.5,113,114,SUBAERIAL,,,s WS61 [8677],AMPHIBOLITE [8677],2500000000 [8677],2500000000 [8677],,ARCHEAN [8677],,,,,METAMORPHIC ROCK,,,,,WHOLE_ROCK [8677] ,250919.108,5094.389999999999,,71872.2858,,47209.5,35755.799999999996,,45883.74,50112.624,1626.3618,,16353.955,9273.2125,1178.3367,,,,,,,,,,,,,,,,19200.,,,,,,,,,,,,,,,,,,,,,,,,,,,,,,,903,,,,416,,,,,,,,39,415,15.49,63,2.04,,,,,,,,,,,,,325,8.86,20.39,2.83,12.5,3.28,1.03,3.43,0.54,3.35,0.72,1.88,0.34,2.04,0.37,0.12,1.1,,,,,,,,,,,2.24,0.27,,,,,,,,,,,,,,,,,,,,,,,,,229551,
[8677],ARCHEAN CRATON (INCLUDING GREENSTONE BELTS),NORTH CHINA CRATON / WUTAI(SHAN) GREENSTONE BELT / NORTHERN JINGANGKU ASSEMBLAGE,,38.5,39.5,113,114,SUBAERIAL,,,s WS66 [8677],AMPHIBOLITE [8677],2500000000 [8677],2500000000 [8677],,ARCHEAN [8677],,,,,METAMORPHIC ROCK,,,,,WHOLE_ROCK [8677] ,251760.491,3476.1719999999996,,91507.4979,,,51146.340000000004,,33376.49,52102.656,1626.3618,,37273.735,6973.4558,1527.4734999999998,,,,,,,,,,,,,,,,23600.,,,,,,,,,,,,,,,,,,,,,,,,,,,,,,,97,,,,30,,,,,,,,19,671,12.04,81,5.32,,,,,,,,,,,,,260,20.9,45.74,5.79,22.74,4.78,1.31,4.18,0.51,2.81,0.48,1.42,0.2,1.48,0.22,0.34,4.68,,,,,,,,,,,2.61,1.29,,,,,,,,,,,,,,,,,,,,,,,,,229552,
[8677],ARCHEAN CRATON (INCLUDING GREENSTONE BELTS),NORTH CHINA CRATON / WUTAI(SHAN) GREENSTONE BELT / NORTHERN JINGANGKU ASSEMBLAGE,,38.5,39.5,113,114,SUBAERIAL,,,s WS110 [8677],AMPHIBOLITE [8677],2500000000 [8677],2500000000 [8677],,ARCHEAN [8677],,,,,METAMORPHIC ROCK,,,,,WHOLE_ROCK [8677] ,225771.105,11926.866,,69808.2069,,78612.56,42051.93,,42095.829999999994,55539.984000000004,1936.145,,10542.905,5786.4846,1745.6840000000002,,,,,,,,,,,,,,,,16100.000000000002,,,,,,,,,,,,,,,,,,,,,,,,,,,,,,,113,,,,57,,,,,,,,16,102,37.27,126,0.53,,,,,,,,,,,,,172,13.2,33.39,4.65,21.15,5.54,1.77,6.63,1.27,7.6,1.6,4.76,0.72,4.49,0.72,0.04,1.51,,,,,,,,,,,4,0.32,,,,,,,,,,,,,,,,,,,,,,,,,229553,
[8677],ARCHEAN CRATON (INCLUDING GREENSTONE BELTS),NORTH CHINA CRATON / WUTAI(SHAN) GREENSTONE BELT / NORTHERN JINGANGKU ASSEMBLAGE,,38.5,39.5,113,114,SUBAERIAL,,,s WS112 [8677],AMPHIBOLITE [8677],2500000000 [8677],2500000000 [8677],,ARCHEAN [8677],,,,,METAMORPHIC ROCK,,,,,WHOLE_ROCK [8677] ,223901.36500000002,12825.876,,69543.58140000001,,35039.939999999995,89467.23,,39808.79,58193.36,1858.6992,,11871.144999999999,4896.2562,1571.1155999999999,,,,,,,,,,,,,,,,22400.000000000004,,,,,,,,,,,,,,,,,,,,,,,,,,,,,,,108,,,,56,,,,,,,,10,114,37.07,119,,,,,,,,,,,,,,123,12.96,31.07,4.19,19.28,5.36,1.74,7.01,1.18,7.67,1.61,4.24,0.67,4.71,0.72,,1.4,,,,,,,,,,,3.83,0.33,,,,,,,,,,,,,,,,,,,,,,,,,229554,
[8677],ARCHEAN CRATON (INCLUDING GREENSTONE BELTS),NORTH CHINA CRATON / WUTAI(SHAN) GREENSTONE BELT / NORTHERN JINGANGKU ASSEMBLAGE,,38.5,39.5,113,114,SUBAERIAL,,,s WS97 [8677],AMPHIBOLITE [8677],2500000000 [8677],2500000000 [8677],,ARCHEAN [8677],,,,,METAMORPHIC ROCK,,,,,WHOLE_ROCK [8677] ,234839.34400000004,8630.496,,68114.60369999999,,25178.4,87679.43999999999,,37593.22,62173.424,2091.0366,,15606.82,5267.1847,829.1999000000001,,,,,,,,,,,,,,,,17300.,,,,,,,,,,,,,,,,,,,,,,,,,,,,,,,40,,,,26,,,,,,,,17,129,31.08,113,0.76,,,,,,,,,,,,,256,12.13,31.27,4.28,18.06,4.56,1.25,5.7,1.03,6.26,1.29,3.6,0.56,3.7,0.53,,1.59,,,,,,,,,,,3.64,0.44,,,,,,,,,,,,,,,,,,,,,,,,,229555,
[8677],ARCHEAN CRATON (INCLUDING GREENSTONE BELTS),NORTH CHINA CRATON / WUTAI(SHAN) GREENSTONE BELT / NORTHERN JINGANGKU ASSEMBLAGE,,38.5,39.5,113,114,SUBAERIAL,,,s WS130 [8677],AMPHIBOLITE [8677],2500000000 [8677],2500000000 [8677],,ARCHEAN [8677],,,,,METAMORPHIC ROCK,,,,,WHOLE_ROCK [8677] ,244655.47900000002,4075.512,,94100.82780000001,,27346.54,39875.49,,37450.28,64947.407999999996,1626.3618,,19259.48,2225.571,480.0631,,,,,,,,,,,,,,,,13400.,,,,,,,,,,,,,,,,,,,,,,,,,,,,,,,40,,,,73,,,,,,,,4,112,16.52,88,3.92,,,,,,,,,,,,,74,7.04,15.82,2.12,8.64,2.25,0.62,2.58,0.47,3.04,0.61,1.71,0.26,1.85,0.3,0.3,0.5,,,,,,,,,,,2.46,0.13,,,,,,,,,,,,,,,,,,,,,,,,,229556,
[8677],ARCHEAN CRATON (INCLUDING GREENSTONE BELTS),NORTH CHINA CRATON / WUTAI(SHAN) GREENSTONE BELT / NORTHERN JINGANGKU ASSEMBLAGE,,38.5,39.5,113,114,SUBAERIAL,,,s WR3 [8677],AMPHIBOLITE [8677],2500000000 [8677],2500000000 [8677],,ARCHEAN [8677],,,,,METAMORPHIC ROCK,,,,,WHOLE_ROCK [8677] ,268307.69,4015.578,,87432.2652,,35669.399999999994,26195.010000000002,,26300.960000000003,47519.551999999996,1626.3618,,20006.615,5563.9275,785.5577999999999,,,,,,,,,,,,,,,,18400.,,,,,,,,,,,,,,,,,,,,,,,,,,,,,,,44,,,,51,,,,,,,,8,201,13.48,83,3.17,,,,,,,,,,,,,180,11.4,26.33,3.21,12.81,2.44,0.65,2.56,0.42,2.54,0.51,1.46,0.19,1.42,0.23,0.2,1.01,,,,,,,,,,,2.47,0.23,,,,,,,,,,,,,,,,,,,,,,,,,229557,
[8677],ARCHEAN CRATON (INCLUDING GREENSTONE BELTS),NORTH CHINA CRATON / WUTAI(SHAN) GREENSTONE BELT / NORTHERN JINGANGKU ASSEMBLAGE,,38.5,39.5,113,114,SUBAERIAL,,,s WS94 [8677],AMPHIBOLITE [8677],2500000000 [8677],2500000000 [8677],,ARCHEAN [8677],,,,,METAMORPHIC ROCK,,,,,WHOLE_ROCK [8677] ,236896.05800000002,5573.862,,76265.06910000001,,28115.879999999997,62494.91999999999,,50743.7,59520.047999999995,1703.8076,,19840.585000000003,4006.0278000000003,349.1368,,,,,,,,,,,,,,,,14600.,,,,,,,,,,,,,,,,,,,,,,,,,,,,,,,107,,,,83,,,,,,,,13,151,18.56,49,0.22,,,,,,,,,,,,,59,3.18,8.47,1.32,6.18,2,0.54,2.73,0.51,3.66,0.76,2.07,0.32,2.1,0.27,,0.07,,,,,,,,,,,1.67,0.07,,,,,,,,,,,,,,,,,,,,,,,,,229558,
[8677],ARCHEAN CRATON (INCLUDING GREENSTONE BELTS),NORTH CHINA CRATON / WUTAI(SHAN) GREENSTONE BELT / NORTHERN JINGANGKU ASSEMBLAGE,,38.5,39.5,113,114,SUBAERIAL,,,s WS109 [8677],AMPHIBOLITE [8677],2500000000 [8677],2500000000 [8677],,ARCHEAN [8677],,,,,METAMORPHIC ROCK,,,,,WHOLE_ROCK [8677] ,227220.15350000001,4794.72,,82827.78150000001,,33431.32,49358.549999999996,,59748.92,61811.6,1858.6992,,21749.93,1557.8997,261.8526,,,,,,,,,,,,,,,,18200.,,,,,,,,,,,,,,,,,,,,,,,,,,,,,,,323,,,,122,,,,,,,,5,104,19.82,39,0.86,,,,,,,,,,,,,23,2.31,6.21,0.98,5.68,2.05,0.93,3.21,0.59,4.2,0.86,2.53,0.4,2.75,0.41,0.04,0.19,,,,,,,,,,,1.4,0.01,,,,,,,,,,,,,,,,,,,,,,,,,229559,
[8677],ARCHEAN CRATON (INCLUDING GREENSTONE BELTS),NORTH CHINA CRATON / WUTAI(SHAN) GREENSTONE BELT / NORTHERN JINGANGKU ASSEMBLAGE,,38.5,39.5,113,114,SUBAERIAL,,,s WS68 [8677],AMPHIBOLITE [8677],2500000000 [8677],2500000000 [8677],,ARCHEAN [8677],,,,,METAMORPHIC ROCK,,,,,WHOLE_ROCK [8677] ,237550.46700000003,4734.786,,75524.1177,,18044.52,69568.34999999999,,55675.13,63982.543999999994,1703.8076,,9629.74,2744.8709,436.42100000000005,,,,,,,,,,,,,,,,22799.999999999996,,,,,,,,,,,,,,,,,,,,,,,,,,,,,,,159,,,,115,,,,,,,,13,194,15.48,34,2,,,,,,,,,,,,,159,2.1,6.06,0.97,5.06,1.71,0.7,2.4,0.49,3.03,0.66,1.94,0.31,2.18,0.37,0.18,0.19,,,,,,,,,,,1.34,0.01,,,,,,,,,,,,,,,,,,,,,,,,,229560,
[8677],ARCHEAN CRATON (INCLUDING GREENSTONE BELTS),NORTH CHINA CRATON / WUTAI(SHAN) GREENSTONE BELT / NORTHERN JINGANGKU ASSEMBLAGE,,38.5,39.5,113,114,SUBAERIAL,,,s WS73 [8677],AMPHIBOLITE [8677],2500000000 [8677],2500000000 [8677],,ARCHEAN [8677],,,,,METAMORPHIC ROCK,,,,,WHOLE_ROCK [8677] ,227407.1275,7371.882,,80499.07710000001,,36648.560000000005,49747.200000000004,,51458.4,69530.51199999999,2091.0366,,17433.15,1632.0854,261.8526,,,,,,,,,,,,,,,,16200.000000000002,,,,,,,,,,,,,,,,,,,,,,,,,,,,,,,303,,,,205,,,,,,,,5,119,13.77,34,1.32,,,,,,,,,,,,,23,1.29,5.47,1.04,6.06,2.31,0.93,2.89,0.53,3.11,0.63,1.81,0.27,1.54,0.22,0.11,0.05,,,,,,,,,,,1.46,,,,,,,,,,,,,,,,,,,,,,,,,,229561,
[8677],ARCHEAN CRATON (INCLUDING GREENSTONE BELTS),NORTH CHINA CRATON / WUTAI(SHAN) GREENSTONE BELT / NORTHERN JINGANGKU ASSEMBLAGE,,38.5,39.5,113,114,SUBAERIAL,,,s WS74 [8677],AMPHIBOLITE [8677],2500000000 [8677],2500000000 [8677],,ARCHEAN [8677],,,,,METAMORPHIC ROCK,,,,,WHOLE_ROCK [8677] ,240775.7685,3536.1059999999998,,88914.168,,25877.800000000003,39253.65,,44454.34,70073.24799999999,1626.3618,,14527.625,2893.2423,174.5684,,,,,,,,,,,,,,,,17900.,,,,,,,,,,,,,,,,,,,,,,,,,,,,,,,257,,,,190,,,,,,,,12,122,11.11,37,2.33,,,,,,,,,,,,,102,2.98,6.94,0.93,4.76,1.36,0.61,1.81,0.31,2.1,0.48,1.45,0.24,1.62,0.27,0.2,0.28,,,,,,,,,,,1.22,0.03,,,,,,,,,,,,,,,,,,,,,,,,,229562,
[8677],ARCHEAN CRATON (INCLUDING GREENSTONE BELTS),NORTH CHINA CRATON / WUTAI(SHAN) GREENSTONE BELT / NORTHERN JINGANGKU ASSEMBLAGE,,38.5,39.5,113,114,SUBAERIAL,,,s WS122 [8677],AMPHIBOLITE [8677],2500000000 [8677],2500000000 [8677],,ARCHEAN [8677],,,,,METAMORPHIC ROCK,,,,,WHOLE_ROCK [8677] ,232268.4515,8570.562,,76000.4436,,20352.54,75553.56000000001,,52316.04,55660.592,1781.2534,,22995.155,1632.0854,610.9894,,,,,,,,,,,,,,,,17500.,,,,,,,,,,,,,,,,,,,,,,,,,,,,,,,169,,,,65,,,,,,,,4,149,28.87,85,2.87,,,,,,,,,,,,,47,4.3,12.18,2.06,10.02,3.36,0.81,4.57,0.83,5.51,1.15,3.31,0.51,3.29,0.52,0.17,0.21,,,,,,,,,,,2.6,0.09,,,,,,,,,,,,,,,,,,,,,,,,,229563,
[8677],ARCHEAN CRATON (INCLUDING GREENSTONE BELTS),NORTH CHINA CRATON / WUTAI(SHAN) GREENSTONE BELT / NORTHERN JINGANGKU ASSEMBLAGE,,38.5,39.5,113,114,SUBAERIAL,,,s WS129 [8677],AMPHIBOLITE [8677],2500000000 [8677],2500000000 [8677],,ARCHEAN [8677],,,,,METAMORPHIC ROCK,,,,,WHOLE_ROCK [8677] ,233530.526,5214.258,,71766.43560000001,,46440.159999999996,48348.06,,51029.579999999994,65912.272,1781.2534,,15025.715,3041.6137,349.1368,,,,,,,,,,,,,,,,18100.,,,,,,,,,,,,,,,,,,,,,,,,,,,,,,,68,,,,46,,,,,,,,8,147,19.5,46,1.81,,,,,,,,,,,,,141,4.44,11.27,1.62,7.33,2.12,0.72,3.06,0.51,3.8,0.85,2.16,0.33,2.37,0.36,0.07,0.14,,,,,,,,,,,1.49,0.07,,,,,,,,,,,,,,,,,,,,,,,,,229564,
[8677],ARCHEAN CRATON (INCLUDING GREENSTONE BELTS),NORTH CHINA CRATON / WUTAI(SHAN) GREENSTONE BELT / WUTAI GROUP (WUTAI GREENSCHIST ASSEMBLAGE),,38.5,39.5,113,114,SUBAERIAL,,,s WS36 [8677],AMPHIBOLITE [8677],2500000000 [8677],2500000000 [8677],,ARCHEAN [8677],,,,,METAMORPHIC ROCK,,,,,WHOLE_ROCK [8677] ,232221.708,5214.258,,71395.9599,,26367.38,69490.62,,53888.38,65188.623999999996,1936.145,,8799.59,5192.999,392.77889999999996,,,,,,,,,,,,,,,,23300.,,,,,,,,,,,,,,,,,,,,,,,,,,,,,,,118,,,,60,,,,,,,,18,143,18.11,10,1.98,,,,,,,,,,,,,102,4.51,11.44,1.63,7.95,2.42,0.79,3.17,0.61,3.83,0.82,2.48,0.32,2.26,0.36,0.2,0.38,,,,,,,,,,,0.45,0.05,,,,,,,,,,,,,,,,,,,,,,,,,229565,
[8677],ARCHEAN CRATON (INCLUDING GREENSTONE BELTS),NORTH CHINA CRATON / WUTAI(SHAN) GREENSTONE BELT / WUTAI GROUP (WUTAI GREENSCHIST ASSEMBLAGE),,38.5,39.5,113,114,SUBAERIAL,,,s WS38 [8677],AMPHIBOLITE [8677],2500000000 [8677],2500000000 [8677],,ARCHEAN [8677],,,,,METAMORPHIC ROCK,,,,,WHOLE_ROCK [8677] ,242879.22600000002,4794.72,,89866.81980000001,,16226.079999999998,50913.15,,51101.05,21347.615999999998,1394.0244,,33289.015,4970.4419,567.3473,,,,,,,,,,,,,,,,53000.,,,,,,,,,,,,,,,,,,,,,,,,,,,,,,,111,,,,143,,,,,,,,21,179,12.48,12,2.25,,,,,,,,,,,,,68,7.51,18.15,2.44,10.77,2.61,0.63,2.95,0.51,2.97,0.59,1.71,0.25,1.48,0.22,0.24,0.94,,,,,,,,,,,0.47,0.2,,,,,,,,,,,,,,,,,,,,,,,,,229566,
[8677],ARCHEAN CRATON (INCLUDING GREENSTONE BELTS),NORTH CHINA CRATON / WUTAI(SHAN) GREENSTONE BELT / WUTAI GROUP (WUTAI GREENSCHIST ASSEMBLAGE),,38.5,39.5,113,114,SUBAERIAL,,,s WS40 [8677],AMPHIBOLITE [8677],2500000000 [8677],2500000000 [8677],,ARCHEAN [8677],,,,,METAMORPHIC ROCK,,,,,WHOLE_ROCK [8677] ,240915.999,4315.248,,82933.6317,,20562.36,44617.020000000004,,45597.86,38594.56,1471.4702,,25983.695,5489.7418,523.7052,,,,,,,,,,,,,,,,61000.,,,,,,,,,,,,,,,,,,,,,,,,,,,,,,,102,,,,122,,,,,,,,25,324,13.79,13,2.15,,,,,,,,,,,,,73,7.39,17.98,2.36,10.43,2.73,0.8,2.93,0.52,2.97,0.68,1.79,0.23,1.62,0.23,0.19,0.96,,,,,,,,,,,0.52,0.25,,,,,,,,,,,,,,,,,,,,,,,,,229567,
[8677],ARCHEAN CRATON (INCLUDING GREENSTONE BELTS),NORTH CHINA CRATON / WUTAI(SHAN) GREENSTONE BELT / WUTAI GROUP (WUTAI GREENSCHIST ASSEMBLAGE),,38.5,39.5,113,114,SUBAERIAL,,,s WS45 [8677],AMPHIBOLITE [8677],2500000000 [8677],2500000000 [8677],,ARCHEAN [8677],,,,,METAMORPHIC ROCK,,,,,WHOLE_ROCK [8677] ,271486.248,4135.445999999999,,82721.93130000001,,9931.48,50913.15,,56747.18,4643.407999999999,1316.5786,,24655.455,2299.7567,480.0631,,,,,,,,,,,,,,,,51500.,,,,,,,,,,,,,,,,,,,,,,,,,,,,,,,122,,,,107,,,,,,,,9,42,12.96,39,1.7,,,,,,,,,,,,,58,7.33,17.77,2.27,9.83,2.38,0.57,2.89,0.49,2.92,0.56,1.67,0.27,1.53,0.22,0.19,1.72,,,,,,,,,,,1.39,0.28,,,,,,,,,,,,,,,,,,,,,,,,,229568,
[8677],ARCHEAN CRATON (INCLUDING GREENSTONE BELTS),NORTH CHINA CRATON / WUTAI(SHAN) GREENSTONE BELT / WUTAI GROUP (WUTAI GREENSCHIST ASSEMBLAGE),,38.5,39.5,113,114,SUBAERIAL,,,s WS46 [8677],AMPHIBOLITE [8677],2500000000 [8677],2500000000 [8677],,ARCHEAN [8677],,,,,METAMORPHIC ROCK,,,,,WHOLE_ROCK [8677] ,232595.65600000002,4135.445999999999,,81928.05480000001,,19862.96,49747.200000000004,,38022.04,42876.144,1626.3618,,18844.405,7492.7557,567.3473,,,,,,,,,,,,,,,,83699.99999999999,,,,,,,,,,,,,,,,,,,,,,,,,,,,,,,61,,,,67,,,,,,,,30,129,11.71,6,2.11,,,,,,,,,,,,,243,7.36,17.81,2.34,10.9,2.54,0.67,3.11,0.43,2.56,0.51,1.46,0.23,1.62,0.23,0.19,1.07,,,,,,,,,,,0.22,0.25,,,,,,,,,,,,,,,,,,,,,,,,,229569,
[8677],ARCHEAN CRATON (INCLUDING GREENSTONE BELTS),NORTH CHINA CRATON / WUTAI(SHAN) GREENSTONE BELT / WUTAI GROUP (WUTAI GREENSCHIST ASSEMBLAGE),,38.5,39.5,113,114,SUBAERIAL,,,s WS49 [8677],AMPHIBOLITE [8677],2500000000 [8677],2500000000 [8677],,ARCHEAN [8677],,,,,METAMORPHIC ROCK,,,,,WHOLE_ROCK [8677] ,242972.71300000002,4974.521999999999,,87643.9656,,17415.06,54255.54,,49600.18,24543.728,1316.5786,,29470.324999999997,816.0427,567.3473,,,,,,,,,,,,,,,,61700.,,,,,,,,,,,,,,,,,,,,,,,,,,,,,,,202,,,,167,,,,,,,,3,151,17.49,8,2.96,,,,,,,,,,,,,24,8.95,20.87,2.74,11.57,3,1.14,3.52,0.53,3.73,0.68,2.15,0.33,1.94,0.25,0.25,1.01,,,,,,,,,,,0.29,0.29,,,,,,,,,,,,,,,,,,,,,,,,,229570,
[8677],ARCHEAN CRATON (INCLUDING GREENSTONE BELTS),NORTH CHINA CRATON / WUTAI(SHAN) GREENSTONE BELT / WUTAI GROUP (WUTAI GREENSCHIST ASSEMBLAGE),,38.5,39.5,113,114,SUBAERIAL,,,s WS98 [8677],AMPHIBOLITE [8677],2500000000 [8677],2500000000 [8677],,ARCHEAN [8677],,,,,METAMORPHIC ROCK,,,,,WHOLE_ROCK [8677] ,222499.06000000003,4195.379999999999,,96588.30750000001,,19583.199999999997,47570.76,,56747.18,54032.384000000005,1626.3618,,26066.710000000003,148.3714,218.21050000000002,,,,,,,,,,,,,,,,42400.,,,,,,,,,,,,,,,,,,,,,,,,,,,,,,,258,,,,109,,,,,,,,0,281,10.02,17,1.56,,,,,,,,,,,,,10,4.43,10.85,1.41,6.68,1.79,0.68,2.29,0.38,2.17,0.45,1.14,0.16,1.04,0.11,0.11,0.53,,,,,,,,,,,0.67,0.11,,,,,,,,,,,,,,,,,,,,,,,,,229571,
[8677],ARCHEAN CRATON (INCLUDING GREENSTONE BELTS),NORTH CHINA CRATON / WUTAI(SHAN) GREENSTONE BELT / WUTAI GROUP (WUTAI GREENSCHIST ASSEMBLAGE),,38.5,39.5,113,114,SUBAERIAL,,,s WS54 [8677],AMPHIBOLITE [8677],2500000000 [8677],2500000000 [8677],,ARCHEAN [8677],,,,,METAMORPHIC ROCK,,,,,WHOLE_ROCK [8677] ,234839.34400000004,3296.37,,75259.49220000001,,7973.159999999999,68091.48,,63393.88999999999,66816.832,1626.3618,,16104.91,1186.9712,261.8526,,,,,,,,,,,,,,,,25900.,,,,,,,,,,,,,,,,,,,,,,,,,,,,,,,238,,,,136,,,,,,,,2,108,11.84,4,1.07,,,,,,,,,,,,,15,1.49,4.32,0.65,3.7,1.1,0.45,1.67,0.36,2.33,0.48,1.48,0.22,1.52,0.22,0.11,0.11,,,,,,,,,,,0.34,0.02,,,,,,,,,,,,,,,,,,,,,,,,,229572,
[8677],ARCHEAN CRATON (INCLUDING GREENSTONE BELTS),NORTH CHINA CRATON / WUTAI(SHAN) GREENSTONE BELT / WUTAI GROUP (WUTAI GREENSCHIST ASSEMBLAGE),,38.5,39.5,113,114,SUBAERIAL,,,s WS100 [8677],AMPHIBOLITE [8677],2500000000 [8677],2500000000 [8677],,ARCHEAN [8677],,,,,METAMORPHIC ROCK,,,,,WHOLE_ROCK [8677] ,225163.43950000004,7671.552,,71343.03480000001,,32172.399999999998,77263.62,,50386.35,52343.871999999996,1781.2534,,12950.34,2670.6852,392.77889999999996,,,,,,,,,,,,,,,,41800.,,,,,,,,,,,,,,,,,,,,,,,,,,,,,,,109,,,,84,,,,,,,,11,306,25.37,43,3.26,,,,,,,,,,,,,46,3.98,11.68,1.84,9.14,2.9,1.01,4.07,0.78,4.97,1,2.84,0.47,2.84,0.42,0.22,0.32,,,,,,,,,,,1.49,0.07,,,,,,,,,,,,,,,,,,,,,,,,,229573,
[8677],ARCHEAN CRATON (INCLUDING GREENSTONE BELTS),NORTH CHINA CRATON / WUTAI(SHAN) GREENSTONE BELT / WUTAI GROUP (WUTAI GREENSCHIST ASSEMBLAGE),,38.5,39.5,113,114,SUBAERIAL,,,s WS104 [8677],AMPHIBOLITE [8677],2500000000 [8677],2500000000 [8677],,ARCHEAN [8677],,,,,METAMORPHIC ROCK,,,,,WHOLE_ROCK [8677] ,213944.99950000003,11567.261999999999,,94683.00390000001,,22660.56,79362.33,,48242.25,23397.951999999997,1703.8076,,35862.48,1780.4568,1134.6946,,,,,,,,,,,,,,,,52900.,,,,,,,,,,,,,,,,,,,,,,,,,,,,,,,294,,,,160,,,,,,,,3,87,11.43,6,2.49,,,,,,,,,,,,,68,3.58,8.76,1.28,6.67,1.87,0.59,2.13,0.37,2.35,0.47,1.45,0.19,1.08,0.19,0.17,0.15,,,,,,,,,,,0.31,0.05,,,,,,,,,,,,,,,,,,,,,,,,,229574,
[8677],ARCHEAN CRATON (INCLUDING GREENSTONE BELTS),NORTH CHINA CRATON / WUTAI(SHAN) GREENSTONE BELT / WUTAI GROUP (WUTAI GREENSCHIST ASSEMBLAGE),,38.5,39.5,113,114,SUBAERIAL,,,s WS44 [8677],NOT GIVEN [8677],2500000000 [8677],2500000000 [8677],,ARCHEAN [8677],,,,,VOLCANIC ROCK,,,,,WHOLE_ROCK [8677] ,342536.368,958.944,,83992.1337,,6504.42,2020.98,,4502.61,2050.3360000000002,1084.2412000000002,,32624.895,17804.568,523.7052,,,,,,,,,,,,,,,,16700.,,,,,,,,,,,,,,,,,,,,,,,,,,,,,,,10,,,,9,,,,,,,,71,70,11.23,37,12.2,,,,,,,,,,,,,342,9.58,26.45,2.56,9.97,2.31,0.56,2.17,0.37,2.19,0.43,1.16,0.19,1.23,0.18,1.12,4.3,,,,,,,,,,,2.14,0.94,,,,,,,,,,,,,,,,,,,,,,,,,229575,
[8677],ARCHEAN CRATON (INCLUDING GREENSTONE BELTS),NORTH CHINA CRATON / WUTAI(SHAN) GREENSTONE BELT / NORTHERN JINGANGKU ASSEMBLAGE,,38.5,39.5,113,114,SUBAERIAL,,,s WS77 [8677],NOT GIVEN [8677],2500000000 [8677],2500000000 [8677],,ARCHEAN [8677],,,,,VOLCANIC ROCK,,,,,WHOLE_ROCK [8677] ,279432.64300000004,6832.475999999999,,91507.4979,,349.70000000000005,52001.37,,10649.03,24242.207999999995,1394.0244,,31462.685,23145.9384,2531.2418,,,,,,,,,,,,,,,,16100.000000000002,,,,,,,,,,,,,,,,,,,,,,,,,,,,,,,10,,,,8,,,,,,,,81,315,26.84,258,4.91,,,,,,,,,,,,,953,62.09,140.26,17.08,64.6,11.66,2.31,9.22,1.32,6.53,1.21,3.5,0.53,3.45,0.5,0.26,14.75,,,,,,,,,,,8.5,3.42,,,,,,,,,,,,,,,,,,,,,,,,,229576,
[8677],ARCHEAN CRATON (INCLUDING GREENSTONE BELTS),NORTH CHINA CRATON / WUTAI(SHAN) GREENSTONE BELT / SOUTHERN JINGANGKU ASSEMBLAGE,,38.5,39.5,113,114,SUBAERIAL,,,s WR17 [8677],NOT GIVEN [8677],2500000000 [8677],2500000000 [8677],,ARCHEAN [8677],,,,,VOLCANIC ROCK,,,,,WHOLE_ROCK [8677] ,353521.0905,479.472,,71448.88500000001,,8602.619999999999,2098.71,,,7115.871999999999,1161.687,,30383.49,25297.3237,87.2842,,,,,,,,,,,,,,,,7100.,,,,,,,,,,,,,,,,,,,,,,,,,,,,,,,5,,,,3,,,,,,,,122,112,9.36,23,6.67,,,,,,,,,,,,,598,16.01,30.37,2.95,9.41,1.78,0.43,1.83,0.29,1.71,0.34,0.99,0.15,1.01,0.14,1.03,9.95,,,,,,,,,,,1,0.84,,,,,,,,,,,,,,,,,,,,,,,,,229577,
[8677],ARCHEAN CRATON (INCLUDING GREENSTONE BELTS),NORTH CHINA CRATON / WUTAI(SHAN) GREENSTONE BELT / SOUTHERN JINGANGKU ASSEMBLAGE,,38.5,39.5,113,114,SUBAERIAL,,,s WR18 [8677],NOT GIVEN [8677],2500000000 [8677],2500000000 [8677],,ARCHEAN [8677],,,,,VOLCANIC ROCK,,,,,WHOLE_ROCK [8677] ,352586.22050000005,599.34,,73989.2898,,9791.599999999999,2176.44,,357.35,10010.463999999998,1239.1328,,39266.095,10163.4409,87.2842,,,,,,,,,,,,,,,,8800.,,,,,,,,,,,,,,,,,,,,,,,,,,,,,,,6,,,,3,,,,,,,,56,153,7.96,14,8.09,,,,,,,,,,,,,383,20.98,48.53,4.11,14.21,2.63,0.52,2.48,0.34,1.73,0.26,0.8,0.09,0.87,0.12,1.65,12.38,,,,,,,,,,,0.61,0.52,,,,,,,,,,,,,,,,,,,,,,,,,229578,
[8677],ARCHEAN CRATON (INCLUDING GREENSTONE BELTS),NORTH CHINA CRATON / WUTAI(SHAN) GREENSTONE BELT / SOUTHERN JINGANGKU ASSEMBLAGE,,38.5,39.5,113,114,SUBAERIAL,,,s WS24 [8677],NOT GIVEN [8677],2500000000 [8677],2500000000 [8677],,ARCHEAN [8677],,,,,VOLCANIC ROCK,,,,,WHOLE_ROCK [8677] ,302664.16250000003,3476.1719999999996,,84415.5345,,18114.46,18888.390000000003,,17009.86,27739.839999999997,1161.687,,30549.52,7937.869900000001,960.1262,,,,,,,,,,,,,,,,11700.,,,,,,,,,,,,,,,,,,,,,,,,,,,,,,,26,,,,25,,,,,,,,20,344,9.23,114,5.23,,,,,,,,,,,,,323,15.2,36.2,4.74,18.82,3.96,1.06,3.47,0.49,2.25,0.44,1.1,0.15,0.91,0.16,0.4,3.3,,,,,,,,,,,3.92,0.19,,,,,,,,,,,,,,,,,,,,,,,,,229579,
[9322],ARCHEAN CRATON (INCLUDING GREENSTONE BELTS),NORTH CHINA CRATON / TAISHAN GREENSTONE BELT / YANLINGGUAN FORMATION,"LOWER YANLINGGUAN FORMATION, WEST SHANDONG METAMORPHIC COMPLEX, SHANDONG MOUNTAINS, SHANDONG PROVINCE",35.7753,35.7753,118.188,118.188,SUBAERIAL,,,s 2004-13 [9322],KOMATIITE [9322],2700000000 [9322],2800000000 [9322],NEO [9322],ARCHEAN [9322],,,,CUMULUS TEXTURE [9322] ,VOLCANIC ROCK,,,,,WHOLE_ROCK [9322] ,209364.13650000002,659.274,,14977.803300000001,,63435.58,,,15008.7,246281.536,1239.1328,,747.135,74.1857,,,,,,,,,,,,,,,,,112400.,,,,,,,,,,,,,,1.96,,,,,,,,,,,,,,,,30,2397,,,69,2581,8.1,57,,,,,,1.13,7.7,2.6,2.17,0.16,0.25,,,,,,,,,,,0.35,10,0.45,1.05,0.13,0.62,0.19,0.08,0.32,0.06,0.43,0.09,0.27,0.04,0.26,0.04,,0.01,,,,,,,,,4.56,0.15,0.2,0.05,,,,,,,,,,,,,,,,,,,,,,,,,246796,
[9322],ARCHEAN CRATON (INCLUDING GREENSTONE BELTS),NORTH CHINA CRATON / TAISHAN GREENSTONE BELT / YANLINGGUAN FORMATION,"LOWER YANLINGGUAN FORMATION, WEST SHANDONG METAMORPHIC COMPLEX, SHANDONG MOUNTAINS, SHANDONG PROVINCE",35.7767,35.7767,118.1882,118.1882,SUBAERIAL,,,s 2004-10 [9322],KOMATIITE [9322],2700000000 [9322],2800000000 [9322],NEO [9322],ARCHEAN [9322],,,,CUMULUS TEXTURE [9322] ,VOLCANIC ROCK,,,,,WHOLE_ROCK [9322] ,211046.9025,599.34,,14554.4025,,63295.700000000004,,,15437.52,244653.32799999998,1161.687,,332.06,74.1857,,,,,,,,,,,,,,,,,108600.,,,,,,,,,,,,,,3.26,,,,,,,,,,,,,,,,77,4484,,,109,2737,4.5,72,,,,,,0.71,8.8,2.41,2.44,0.12,0.19,,,,,,,,,,,0.27,3,0.22,0.53,0.08,0.43,0.17,0.07,0.3,0.06,0.42,0.09,0.28,0.04,0.27,0.04,,0.01,,,,,,,,,2.98,0.12,0.04,0.06,,,,,,,,,,,,,,,,,,,,,,,,,246797,
[9322],ARCHEAN CRATON (INCLUDING GREENSTONE BELTS),NORTH CHINA CRATON / TAISHAN GREENSTONE BELT / YANLINGGUAN FORMATION,"LOWER YANLINGGUAN FORMATION, WEST SHANDONG METAMORPHIC COMPLEX, SHANDONG MOUNTAINS, SHANDONG PROVINCE",35.7775,35.7775,118.1877,118.1877,SUBAERIAL,,,s 2004-09B [9322],KOMATIITE [9322],2700000000 [9322],2800000000 [9322],NEO [9322],ARCHEAN [9322],,,,CUMULUS TEXTURE [9322] ,VOLCANIC ROCK,,,,,WHOLE_ROCK [9322] ,212308.977,659.274,,18682.5603,,69170.66,,,21941.289999999997,227526.99199999997,1161.687,,498.09,148.3714,,,,,,,,,,,,,,,,,103699.99999999999,,,,,,,,,,,,,,8.43,,,,,,,,,,,,,,,,88,4600,,,108,2427,15.6,76,,,,,,0.72,10.4,2.62,2.79,0.18,0.92,,,,,,,,,,,0.26,3,0.3,0.72,0.1,0.51,0.19,0.09,0.32,0.06,0.46,0.1,0.28,0.04,0.3,0.05,,0.01,,,,,,,,,3.62,0.41,0.11,0.02,,,,,,,,,,,,,,,,,,,,,,,,,246798,
[9322],ARCHEAN CRATON (INCLUDING GREENSTONE BELTS),NORTH CHINA CRATON / TAISHAN GREENSTONE BELT / YANLINGGUAN FORMATION,"LOWER YANLINGGUAN FORMATION, WEST SHANDONG METAMORPHIC COMPLEX, SHANDONG MOUNTAINS, SHANDONG PROVINCE",35.7775,35.7775,118.1877,118.1877,SUBAERIAL,,,s 2004-09A [9322],KOMATIITE [9322],2700000000 [9322],2800000000 [9322],NEO [9322],ARCHEAN [9322],,,,CUMULUS TEXTURE [9322] ,VOLCANIC ROCK,,,,,WHOLE_ROCK [9322] ,213290.59050000002,719.208,,20640.789,,70429.58,,,21583.94,221858.41599999997,1161.687,,996.18,1409.5283,,,,,,,,,,,,,,,,,97000.,,,,,,,,,,,,,,5.28,,,,,,,,,,,,,,,,91,4738,,,107,2325,10.5,87,,,,,,3.03,22,2.94,2.89,0.37,0.5,,,,,,,,,,,0.39,13,0.92,1.98,0.25,1.05,0.3,0.12,0.42,0.07,0.54,0.12,0.32,0.05,0.33,0.05,,0.02,,,,,,,,,3.36,0.23,0.28,0.07,,,,,,,,,,,,,,,,,,,,,,,,,246799,
[9322],ARCHEAN CRATON (INCLUDING GREENSTONE BELTS),NORTH CHINA CRATON / TAISHAN GREENSTONE BELT / YANLINGGUAN FORMATION,"LOWER YANLINGGUAN FORMATION, WEST SHANDONG METAMORPHIC COMPLEX, SHANDONG MOUNTAINS, SHANDONG PROVINCE",35,37,117,119,SUBAERIAL,,,s KM37 [9322],KOMATIITE [9322],2700000000 [9322],2800000000 [9322],NEO [9322],ARCHEAN [9322],,,,CUMULUS TEXTURE [9322] ,VOLCANIC ROCK,,,,,WHOLE_ROCK [9322] ,213056.87300000002,719.208,,17782.8336,,69240.6,,,33090.61,217215.008,1084.2412000000002,,,1780.4568,,,,,,,,,,,,,,,,,105700.,,,,,,,,,,,,,,4.78,,,,,,,,,27.64,,,,,,,81,2361,,,104,2040,8.9,67,,,,,,0.26,15,3.16,4.11,0.11,0.28,,,,,,,,,,,0.11,7,0.21,0.55,0.09,0.41,0.16,0.1,0.36,0.07,0.51,0.12,0.38,0.06,0.36,0.05,,0.01,,,,,,,,,4.41,0.36,0.02,0.01,0.513628,,,,,,,,,,,,,,,,,,,,,,,,246800,
[9322],ARCHEAN CRATON (INCLUDING GREENSTONE BELTS),NORTH CHINA CRATON / TAISHAN GREENSTONE BELT / YANLINGGUAN FORMATION,"LOWER YANLINGGUAN FORMATION, WEST SHANDONG METAMORPHIC COMPLEX, SHANDONG MOUNTAINS, SHANDONG PROVINCE",35.7755,35.7755,118.1872,118.1872,SUBAERIAL,,,s 2004-12B [9322],KOMATIITE [9322],2700000000 [9322],2800000000 [9322],NEO [9322],ARCHEAN [9322],,,,CUMULUS TEXTURE [9322] ,VOLCANIC ROCK,,,,,WHOLE_ROCK [9322] ,210953.41550000003,719.208,,19000.1109,,78612.56,,,25943.61,216732.57599999997,1239.1328,,415.07500000000005,890.2284,,,,,,,,,,,,,,,,,85200.,,,,,,,,,,,,,,6.14,,,,,,,,,,,,,,,,100,5038,,,117,2366,15.1,87,,,,,,0.82,12.6,4.73,5.43,0.16,0.11,,,,,,,,,,,0.38,31,0.27,0.66,0.1,0.54,0.22,0.1,0.45,0.1,0.71,0.17,0.51,0.07,0.45,0.06,,0.01,,,,,,,,,2.77,0.38,0.04,0.17,,,,,,,,,,,,,,,,,,,,,,,,,246801,
[9322],ARCHEAN CRATON (INCLUDING GREENSTONE BELTS),NORTH CHINA CRATON / TAISHAN GREENSTONE BELT / YANLINGGUAN FORMATION,"LOWER YANLINGGUAN FORMATION, WEST SHANDONG METAMORPHIC COMPLEX, SHANDONG MOUNTAINS, SHANDONG PROVINCE",35,37,117,119,SUBAERIAL,,,s KM33 [9322],KOMATIITE [9322],2700000000 [9322],2800000000 [9322],NEO [9322],ARCHEAN [9322],,,,CUMULUS TEXTURE [9322] ,VOLCANIC ROCK,,,,,WHOLE_ROCK [9322] ,213243.847,659.274,,17094.8073,,70919.16,,,33305.020000000004,216189.84,1161.687,,,1780.4568,,,,,,,,,,,,,,,,,105200.,,,,,,,,,,,,,,4.41,,,,,,,,,24.31,,,,,,,65,1605,,,99,1871,7.6,55,,,,,,0.24,14.4,2.73,4.42,0.1,0.25,,,,,,,,,,,0.11,10,0.2,0.51,0.09,0.4,0.16,0.09,0.33,0.07,0.46,0.11,0.35,0.05,0.34,0.05,,0.01,,,,,,,,,3.71,0.86,0.02,0.02,0.513567,,,,,,,,,,,,,,,,,,,,,,,,246802,
[9322],ARCHEAN CRATON (INCLUDING GREENSTONE BELTS),NORTH CHINA CRATON / TAISHAN GREENSTONE BELT / YANLINGGUAN FORMATION,"LOWER YANLINGGUAN FORMATION, WEST SHANDONG METAMORPHIC COMPLEX, SHANDONG MOUNTAINS, SHANDONG PROVINCE",35.7753,35.7753,118.1867,118.1867,SUBAERIAL,,,s 2004-14A [9322],KOMATIITE [9322],2700000000 [9322],2800000000 [9322],NEO [9322],ARCHEAN [9322],,,,CUMULUS TEXTURE [9322] ,VOLCANIC ROCK,,,,,WHOLE_ROCK [9322] ,214459.178,839.076,,22651.9428,,70219.76,,,29016.819999999996,212330.384,1161.687,,581.105,1112.7855,,,,,,,,,,,,,,,,,87500.,,,,,,,,,,,,,,4.74,,,,,,,,,,,,,,,,108,5022,,,106,2131,4.1,73,,,,,,1.68,21.6,3.46,4.89,0.25,0.95,,,,,,,,,,,0.51,19,0.66,1.53,0.2,0.93,0.3,0.11,0.48,0.08,0.62,0.13,0.38,0.06,0.37,0.06,,0.02,,,,,,,,,1.43,0.18,0.15,0.03,,,,,,,,,,,,,,,,,,,,,,,,,246803,
[9322],ARCHEAN CRATON (INCLUDING GREENSTONE BELTS),NORTH CHINA CRATON / TAISHAN GREENSTONE BELT / YANLINGGUAN FORMATION,"LOWER YANLINGGUAN FORMATION, WEST SHANDONG METAMORPHIC COMPLEX, SHANDONG MOUNTAINS, SHANDONG PROVINCE",35,37,117,119,SUBAERIAL,,,s KM7B [9322],KOMATIITE [9322],2700000000 [9322],2800000000 [9322],NEO [9322],ARCHEAN [9322],,,,SPINIFEX TEXTURE [9322] ,VOLCANIC ROCK,,,,,WHOLE_ROCK [9322] ,208849.958,958.944,,21328.815300000002,,84697.34,,,36092.35,201475.66399999996,1239.1328,,166.03,2744.8709,,,,,,,,,,,,,,,,,76000.,,,,,,,,,,,,,,7.98,,,,,,,,,38.74,,,,,15,,106,2648,,,125,1949,15.2,71,,,,,,0.52,16.4,3.75,5.73,0.19,0.32,,,,,,,,,,,0.25,6,0.31,0.83,0.13,0.82,0.29,0.12,0.47,0.09,0.67,0.14,0.45,0.07,0.45,0.07,,0.01,,,,,,,,,3.48,0.55,0.03,0.15,0.513085,,,,,,,,,,,,,,,,,,,,,,,,246804,
[9322],ARCHEAN CRATON (INCLUDING GREENSTONE BELTS),NORTH CHINA CRATON / TAISHAN GREENSTONE BELT / YANLINGGUAN FORMATION,"LOWER YANLINGGUAN FORMATION, WEST SHANDONG METAMORPHIC COMPLEX, SHANDONG MOUNTAINS, SHANDONG PROVINCE",35,37,117,119,SUBAERIAL,,,s KM25 [9322],KOMATIITE [9322],2700000000 [9322],2800000000 [9322],NEO [9322],ARCHEAN [9322],,,,SPINIFEX TEXTURE [9322] ,VOLCANIC ROCK,,,,,WHOLE_ROCK [9322] ,209317.393,958.944,,21540.515700000004,,86585.72,,,34234.13,200993.232,1084.2412000000002,,166.03,2448.1281,,,,,,,,,,,,,,,,,92400.,,,,,,,,,,,,,,6.32,,,,,,,,,46.98,,,,,,,103,2642,,,124,1777,7.1,68,,,,,,0.74,19.1,3.47,6.55,0.2,0.08,,,,,,,,,,,0.36,2,0.34,0.95,0.15,0.75,0.28,0.13,0.5,0.09,0.62,0.13,0.41,0.06,0.42,0.06,,0.02,,,,,,,,,2.42,0.43,0.03,0.02,0.513217,,,,,,,,,,,,,,,,,,,,,,,,246805,
[9322],ARCHEAN CRATON (INCLUDING GREENSTONE BELTS),NORTH CHINA CRATON / TAISHAN GREENSTONE BELT / YANLINGGUAN FORMATION,"LOWER YANLINGGUAN FORMATION, WEST SHANDONG METAMORPHIC COMPLEX, SHANDONG MOUNTAINS, SHANDONG PROVINCE",35,37,117,119,SUBAERIAL,,,s KM40 [9322],KOMATIITE [9322],2700000000 [9322],2800000000 [9322],NEO [9322],ARCHEAN [9322],,,,SPINIFEX TEXTURE [9322] ,VOLCANIC ROCK,,,,,WHOLE_ROCK [9322] ,211561.081,1198.68,,26885.950800000002,,74556.04000000001,,,39880.26,197013.168,1239.1328,,166.03,2819.0566,,,,,,,,,,,,,,,,,83200.,,,,,,,,,,,,,,4.8,,,,,,,,,22.75,,,,,10,,127,3120,,,107,1700,7.3,76,,,,,,0.6,24.8,4.04,8.67,0.24,0.2,,,,,,,,,,,0.37,3,0.3,0.82,0.14,0.69,0.28,0.12,0.5,0.1,0.69,0.15,0.52,0.07,0.51,0.07,,0.02,,,,,,,,,2.07,0.28,0.04,0.02,0.513544,,,,,,,,,,,,,,,,,,,,,,,,246806,
[9322],ARCHEAN CRATON (INCLUDING GREENSTONE BELTS),NORTH CHINA CRATON / TAISHAN GREENSTONE BELT / YANLINGGUAN FORMATION,"LOWER YANLINGGUAN FORMATION, WEST SHANDONG METAMORPHIC COMPLEX, SHANDONG MOUNTAINS, SHANDONG PROVINCE",35,37,117,119,SUBAERIAL,,,s KM2A [9322],KOMATIITE [9322],2700000000 [9322],2800000000 [9322],NEO [9322],ARCHEAN [9322],,,,SPINIFEX TEXTURE [9322] ,VOLCANIC ROCK,,,,,WHOLE_ROCK [9322] ,212402.464,1378.482,,29373.4305,,69450.42,,,41667.01,195686.48,1084.2412000000002,,166.03,3041.6137,,,,,,,,,,,,,,,,,69600.,,,,,,,,,,,,,,7.15,,,,,,,,,38.51,,,,,25,,132,2110,,,85,1716,5.2,60,,,,,,0.93,18.6,4.29,8.56,0.26,0.56,,,,,,,,,,,0.37,3,0.36,1.01,0.16,0.9,0.35,0.14,0.53,0.11,0.75,0.17,0.52,0.08,0.52,0.08,,0.02,,,,,,,,,14.22,0.93,,0.02,,,,,,,,,,,,,,,,,,,,,,,,,246807,
[9322],ARCHEAN CRATON (INCLUDING GREENSTONE BELTS),NORTH CHINA CRATON / TAISHAN GREENSTONE BELT / YANLINGGUAN FORMATION,"LOWER YANLINGGUAN FORMATION, WEST SHANDONG METAMORPHIC COMPLEX, SHANDONG MOUNTAINS, SHANDONG PROVINCE",35.7753,35.7753,118.188,118.188,SUBAERIAL,,,s 2004-15B [9322],KOMATIITE [9322],2700000000 [9322],2800000000 [9322],NEO [9322],ARCHEAN [9322],,,,SPINIFEX TEXTURE [9322] ,VOLCANIC ROCK,,,,,WHOLE_ROCK [9322] ,214459.178,1018.878,,25351.122900000002,,76934,,,37664.689999999995,195083.44,1316.5786,,664.12,1928.8282,,,,,,,,,,,,,,,,,82300.,,,,,,,,,,,,,,5.14,,,,,,,,,,,,,,,,150,5748,,,106,1830,6.2,77,,,,,,0.71,21.8,3.71,4.6,0.24,0.12,,,,,,,,,,,4.77,77,0.29,0.82,0.12,0.69,0.27,0.12,0.47,0.09,0.62,0.14,0.42,0.06,0.42,0.07,,0.01,,,,,,,,,1.47,0.34,0.04,0.02,,,,,,,,,,,,,,,,,,,,,,,,,246808,
[9322],ARCHEAN CRATON (INCLUDING GREENSTONE BELTS),NORTH CHINA CRATON / TAISHAN GREENSTONE BELT / YANLINGGUAN FORMATION,"LOWER YANLINGGUAN FORMATION, WEST SHANDONG METAMORPHIC COMPLEX, SHANDONG MOUNTAINS, SHANDONG PROVINCE",35,37,117,119,SUBAERIAL,,,s KM3A [9322],KOMATIITE [9322],2700000000 [9322],2800000000 [9322],NEO [9322],ARCHEAN [9322],,,,SPINIFEX TEXTURE [9322] ,VOLCANIC ROCK,,,,,WHOLE_ROCK [9322] ,214459.178,1258.6139999999998,,27362.276700000002,,70709.34,,,44239.93,191706.416,1084.2412000000002,,249.045,3486.7279,,,,,,,,,,,,,,,,,71400.,,,,,,,,,,,,,,7.13,,,,,,,,,45,,,,,13,,110,1688,,,75,1493,5.3,45,,,,,,0.89,18.4,3.73,8.57,0.22,0.35,,,,,,,,,,,0.39,4,0.35,0.94,0.16,0.85,0.34,0.15,0.55,0.1,0.73,0.16,0.49,0.07,0.5,0.07,,0.02,,,,,,,,,6.22,1.05,0.05,0.03,,,,,,,,,,,,,,,,,,,,,,,,,246809,
[9322],ARCHEAN CRATON (INCLUDING GREENSTONE BELTS),NORTH CHINA CRATON / TAISHAN GREENSTONE BELT / YANLINGGUAN FORMATION,"LOWER YANLINGGUAN FORMATION, WEST SHANDONG METAMORPHIC COMPLEX, SHANDONG MOUNTAINS, SHANDONG PROVINCE",35,37,117,119,SUBAERIAL,,,s KM7A [9322],KOMATIITE [9322],2700000000 [9322],2800000000 [9322],NEO [9322],ARCHEAN [9322],,,,SPINIFEX TEXTURE [9322] ,VOLCANIC ROCK,,,,,WHOLE_ROCK [9322] ,214786.38250000004,1198.68,,26144.999400000004,,72248.02,,,44668.75,190982.768,1161.687,,166.03,3560.9136,,,,,,,,,,,,,,,,,73300.,,,,,,,,,,,,,,7.8,,,,,,,,,37.56,,,,,20,,125,3058,,,102,1618,5.1,62,,,,,,0.62,20.1,4.34,7.51,0.22,0.3,,,,,,,,,,,0.28,3,0.35,0.97,0.17,0.92,0.38,0.14,0.57,0.11,0.76,0.17,0.53,0.07,0.52,0.08,,0.02,,,,,,,,,3.33,0.38,0.05,0.02,,,,,,,,,,,,,,,,,,,,,,,,,246810,
[9322],ARCHEAN CRATON (INCLUDING GREENSTONE BELTS),NORTH CHINA CRATON / TAISHAN GREENSTONE BELT / YANLINGGUAN FORMATION,"LOWER YANLINGGUAN FORMATION, WEST SHANDONG METAMORPHIC COMPLEX, SHANDONG MOUNTAINS, SHANDONG PROVINCE",35,37,117,119,SUBAERIAL,,,s KM5 [9322],KOMATIITE [9322],2700000000 [9322],2800000000 [9322],NEO [9322],ARCHEAN [9322],,,,SPINIFEX TEXTURE [9322] ,VOLCANIC ROCK,,,,,WHOLE_ROCK [9322] ,215300.56100000002,1198.68,,25933.299000000003,,70779.28,,,46241.09,190620.944,1239.1328,,166.03,3412.5422,,,,,,,,,,,,,,,,,73900.,,,,,,,,,,,,,,6.77,,,,,,,,,44.02,,,,,19,,92,1818,,,90,1441,5.2,44,,,,,,0.49,17.4,3.6,8.59,0.19,0.26,,,,,,,,,,,0.24,2,0.32,0.91,0.15,0.84,0.32,0.15,0.54,0.1,0.68,0.15,0.47,0.07,0.47,0.07,,0.02,,,,,,,,,3.56,0.99,0.04,0.02,,,,,,,,,,,,,,,,,,,,,,,,,246811,
[9322],ARCHEAN CRATON (INCLUDING GREENSTONE BELTS),NORTH CHINA CRATON / TAISHAN GREENSTONE BELT / YANLINGGUAN FORMATION,"LOWER YANLINGGUAN FORMATION, WEST SHANDONG METAMORPHIC COMPLEX, SHANDONG MOUNTAINS, SHANDONG PROVINCE",35,37,117,119,SUBAERIAL,,,s KM16A [9322],KOMATIITE [9322],2700000000 [9322],2800000000 [9322],NEO [9322],ARCHEAN [9322],,,,SPINIFEX TEXTURE [9322] ,VOLCANIC ROCK,,,,,WHOLE_ROCK [9322] ,214879.8695,1198.68,,27097.6512,,71268.86,,,45597.86,189897.29599999997,1161.687,,249.045,3486.7279,,,,,,,,,,,,,,,,,72200.,,,,,,,,,,,,,,7.03,,,,,,,,,47.17,,,,,20,,94,1892,,,91,1447,4.3,43,,,,,,0.57,17.9,3.65,8.58,0.19,0.22,,,,,,,,,,,0.3,2,0.33,0.9,0.16,0.83,0.34,0.15,0.55,0.1,0.73,0.16,0.47,0.07,0.49,0.07,,0.02,,,,,,,,,1.62,1,0.03,0.02,,,,,,,,,,,,,,,,,,,,,,,,,246812,
[9322],ARCHEAN CRATON (INCLUDING GREENSTONE BELTS),NORTH CHINA CRATON / TAISHAN GREENSTONE BELT / YANLINGGUAN FORMATION,"LOWER YANLINGGUAN FORMATION, WEST SHANDONG METAMORPHIC COMPLEX, SHANDONG MOUNTAINS, SHANDONG PROVINCE",35.7753,35.7753,118.188,118.188,SUBAERIAL,,,s 04-15A [9322],KOMATIITE [9322],2700000000 [9322],2800000000 [9322],NEO [9322],ARCHEAN [9322],,,,SPINIFEX TEXTURE [9322] ,VOLCANIC ROCK,,,,,WHOLE_ROCK [9322] ,219273.7585,1078.812,,24663.0966,,73157.24,,,41809.95,189656.08,1316.5786,,498.09,1780.4568,,,,,,,,,,,,,,,,,77600.,,,,,,,,,,,,,,5.14,,,,,,,,,,,,,,,,155,5589,,,102,1799,4.8,71,,,,,,0.72,23.5,4.01,5.66,0.25,0.14,,,,,,,,,,,0.41,16,0.33,0.89,0.14,0.74,0.29,0.12,0.51,0.1,0.69,0.15,0.44,0.06,0.45,0.07,,0.01,,,,,,,,,1.38,0.29,0.05,0.02,,,,,,,,,,,,,,,,,,,,,,,,,246813,
[9322],ARCHEAN CRATON (INCLUDING GREENSTONE BELTS),NORTH CHINA CRATON / TAISHAN GREENSTONE BELT / YANLINGGUAN FORMATION,"LOWER YANLINGGUAN FORMATION, WEST SHANDONG METAMORPHIC COMPLEX, SHANDONG MOUNTAINS, SHANDONG PROVINCE",35,37,117,119,SUBAERIAL,,,s KM38 [9322],KOMATIITE [9322],2700000000 [9322],2800000000 [9322],NEO [9322],ARCHEAN [9322],,,,SPINIFEX TEXTURE [9322] ,VOLCANIC ROCK,,,,,WHOLE_ROCK [9322] ,217076.814,1198.68,,26303.774699999998,,68471.26,,,47313.14,188992.73599999998,1161.687,,166.03,3486.7279,,,,,,,,,,,,,,,,,73400.,,,,,,,,,,,,,,6.7,,,,,,,,,43.99,,,,,8,,98,1583,,,88,1426,4.5,41,,,,,,0.61,18.2,3.85,7.51,0.2,0.23,,,,,,,,,,,0.25,1,0.34,0.95,0.16,0.93,0.37,0.14,0.54,0.1,0.73,0.16,0.51,0.07,0.49,0.07,,0.02,,,,,,,,,1.63,0.98,0.05,0.02,0.513457,,,,,,,,,,,,,,,,,,,,,,,,246814,
[9322],ARCHEAN CRATON (INCLUDING GREENSTONE BELTS),NORTH CHINA CRATON / TAISHAN GREENSTONE BELT / YANLINGGUAN FORMATION,"LOWER YANLINGGUAN FORMATION, WEST SHANDONG METAMORPHIC COMPLEX, SHANDONG MOUNTAINS, SHANDONG PROVINCE",35,37,117,119,SUBAERIAL,,,s KM3B [9322],KOMATIITE [9322],2700000000 [9322],2800000000 [9322],NEO [9322],ARCHEAN [9322],,,,SPINIFEX TEXTURE [9322] ,VOLCANIC ROCK,,,,,WHOLE_ROCK [9322] ,216375.66150000002,1438.416,,28579.554000000004,,67422.16,,,46812.85,188148.47999999998,1084.2412000000002,,249.045,3709.285,,,,,,,,,,,,,,,,,71500.,,,,,,,,,,,,,,6.83,,,,,,,,,45,,,,,33,,111,2050,,,89,1461,4.8,45,,,,,,0.77,19.4,3.89,8.57,0.23,0.34,,,,,,,,,,,0.33,15,0.36,0.98,0.17,1.21,0.49,0.16,0.59,0.11,0.78,0.17,0.52,0.08,0.51,0.08,,0.02,,,,,,,,,9.49,1.04,0.05,0.09,0.513505,,,,,,,,,,,,,,,,,,,,,,,,246815,
[9322],ARCHEAN CRATON (INCLUDING GREENSTONE BELTS),NORTH CHINA CRATON / TAISHAN GREENSTONE BELT / YANLINGGUAN FORMATION,"LOWER YANLINGGUAN FORMATION, WEST SHANDONG METAMORPHIC COMPLEX, SHANDONG MOUNTAINS, SHANDONG PROVINCE",35.7755,35.7755,118.1872,118.1872,SUBAERIAL,,,s 2004-12A [9322],KOMATIITE [9322],2700000000 [9322],2800000000 [9322],NEO [9322],ARCHEAN [9322],,,,SPINIFEX TEXTURE [9322] ,VOLCANIC ROCK,,,,,WHOLE_ROCK [9322] ,223433.93,839.076,,17994.534,,75814.95999999999,,,43739.64,187846.96,1471.4702,,664.12,2003.0139000000001,,,,,,,,,,,,,,,,,79400.,,,,,,,,,,,,,,6.93,,,,,,,,,,,,,,,,98,4534,,,103,1999,6.5,78,,,,,,0.61,20.4,3.48,5.4,0.22,3.84,,,,,,,,,,,0.23,20,0.25,0.68,0.11,0.6,0.24,0.13,0.43,0.08,0.59,0.13,0.39,0.06,0.36,0.05,,0.01,,,,,,,,,1.39,0.37,0.02,0.1,,,,,,,,,,,,,,,,,,,,,,,,,246816,
[9322],ARCHEAN CRATON (INCLUDING GREENSTONE BELTS),NORTH CHINA CRATON / TAISHAN GREENSTONE BELT / YANLINGGUAN FORMATION,"LOWER YANLINGGUAN FORMATION, WEST SHANDONG METAMORPHIC COMPLEX, SHANDONG MOUNTAINS, SHANDONG PROVINCE",35.7753,35.7753,118.188,118.188,SUBAERIAL,,,s 2004-14B [9322],KOMATIITE [9322],2700000000 [9322],2800000000 [9322],NEO [9322],ARCHEAN [9322],,,,SPINIFEX TEXTURE [9322] ,VOLCANIC ROCK,,,,,WHOLE_ROCK [9322] ,223527.41700000002,1138.7459999999999,,26303.774699999998,,65254.020000000004,,,44811.689999999995,186761.48799999998,1239.1328,,498.09,1557.8997,,,,,,,,,,,,,,,,,73500.,,,,,,,,,,,,,,7.65,,,,,,,,,,,,,,,,142,5597,,,92,1835,3.8,71,,,,,,1.63,24.2,4.47,6.17,0.27,0.96,,,,,,,,,,,0.62,5,0.3,0.87,0.15,0.81,0.31,0.13,0.58,0.11,0.76,0.17,0.5,0.07,0.5,0.08,,0.02,,,,,,,,,1.28,0.22,0.04,0.02,,,,,,,,,,,,,,,,,,,,,,,,,246817,
