Citations,Tectonic Setting,Location,Location Comment,Latitude (Min),Latitude (Max),Longitude (Min),Longitude (Max),Land or Sea,Elevation (Min),Elevation (Max),Sample Name,Rock Name,"Age (a, Min)","Age (a, Max)",Geol,Age,Eruption Day,Eruption Month,Eruption Year,Rock Texture,Rock Type,Drill Depth (Min),Drill Depth (Max),Alteration,Mineral,Material,Si,Ti,B,Al,Cr,Fe3+,Fe2+,Fetot(2+),Ca,Mg,Mn,Ni,K,Na,P,H2O,H2OP,H2OM,H2Otot,CO2,CO,F,Cl,Cl2,OH,CH4,SO2,SO3,SO4,S,LOI,Volatiles,O,Others,HE(CCM/G),HE(CCMSTP/G),HE3(CCMSTP/G),HE3(AT/G),HE4(CCM/G),HE4(CCMSTP/G),HE4(AT/G),HE4(MOLE/G),HE4(NCC/G),HE(NCC/G),Li,Be,B,C,CO2,F,Na,Mg,Al,P,S,Cl,K,Ca,Sc,Ti,V,Cr,Mn,Fe,Co,Ni,Cu,Zn,Ga,Ge,As,Se,Br,Rb,Sr,Y,Zr,Nb,Mo,Ru,Rh,Pd,Ag,Cd,In,Sn,Sb,Te,I,Cs,Ba,La,Ce,Pr,Nd,Sm,Eu,Gd,Tb,Dy,Ho,Er,Tm,Yb,Lu,Hf,Ta,W,Re,Os,Ir,Pt,Au,Hg,Tl,Pb,Bi,Th,U,Nd143/Nd144,Nd143/Nd144 initial,e Nd,Sr87/Sr86,SR87_SR86_INI,PB206_PB204,PB206_PB204_INI,PB207_PB204,PB207_PB204_INI,PB208_PB204,PB208_PB204_INI,OS184_OS188,OS186_OS188,OS187_OS186,OS187_OS188,RE187_OS186,RE187_OS188,HF176_HF177,HE3_HE4,HE3_HE4(R/R(A)),HE4_HE3,HE4_HE3(R/R(A)),K40_AR40,AR40_K40,Unique Id,
[5205],ARCHEAN CRATON (INCLUDING GREENSTONE BELTS),WEST AFRICAN CRATON / SIERRA LEONE GREENSTONE BELTS / SULA MOUNTAINS GREENSTONE BELT / SONFON FORMATION,,8.5,9,-11.5,-11.75,SUBAERIAL,,,s 310 [5205],KOMATIITE [5205],,,NEO [5205],ARCHEAN [5205],,,,,VOLCANIC ROCK,,,,,WHOLE_ROCK [5205] ,212308.977,779.1419999999999,,42287.1549,,,,72288.90000000001,16295.159999999998,208470.92799999999,1703.8076,,498.09,74.1857,87.2842,86199.99999999999,,,,6000.,,,,,,,,,,,,,,,,,,,,,,,,,,,,,,,,,,,,,,,,,,3146,,,82,1622,18,60,5,,,,,0,6,3,3,0,,,,,,,,,,,,,18,0,0,0,0.37,0.22,0.1,0.51,,0.59,0.16,0.45,,0.52,0.1,,,,,,,,,,,,,0,,,,,,,,,,,,,,,,,,,,,,,,,,184947,
[5205],ARCHEAN CRATON (INCLUDING GREENSTONE BELTS),WEST AFRICAN CRATON / SIERRA LEONE GREENSTONE BELTS / SULA MOUNTAINS GREENSTONE BELT / SONFON FORMATION,,8.5,9,-11.5,-11.75,SUBAERIAL,,,s 313 [5205],KOMATIITE [5205],,,NEO [5205],ARCHEAN [5205],,,,,VOLCANIC ROCK,,,,,WHOLE_ROCK [5205] ,218245.4015,899.0099999999999,,34983.49110000001,,,,74776.26,24085.39,200571.10399999996,1084.2412000000002,,581.105,148.3714,261.8526,68600.,,,,11500.,,,,,,,,,,,,,,,,,,,,,,,,,,,,,,,,,,,,,,,,,,4015,,,84,1686,10,68,5,,,,,0,9,4,3,0,,,,,,,,,,,,,8,0,0,0,0.44,0.26,0.11,0.41,,0.71,0.2,0.5,,0.58,0.11,,,,,,,,,,,,,0,,,,,,,,,,,,,,,,,,,,,,,,,,184948,
[5205],ARCHEAN CRATON (INCLUDING GREENSTONE BELTS),WEST AFRICAN CRATON / SIERRA LEONE GREENSTONE BELTS / SULA MOUNTAINS GREENSTONE BELT / SONFON FORMATION,,8.5,9,-11.5,-11.75,SUBAERIAL,,,s 315 [5205],KOMATIITE [5205],,,NEO [5205],ARCHEAN [5205],,,,,VOLCANIC ROCK,,,,,WHOLE_ROCK [5205] ,227360.38400000002,659.274,,32813.562000000005,,,,68246.93999999999,29231.23,192852.19199999998,1006.7954,,249.045,148.3714,87.2842,70400.,,,,5300.,,,,,,,,,,,,,,,,,,,,,,,,,,,,,,,,,,,,,,,,,,3414,,,81,1533,17,54,4,,,,,0,10,4,0,0,,,,,,,,,,,,,4,0,0,0,0.42,0.29,0.14,0.54,,0.69,0.19,0.51,,0,0.11,,,,,,,,,,,,,0,,,,,,,,,,,,,,,,,,,,,,,,,,184949,
[5205],ARCHEAN CRATON (INCLUDING GREENSTONE BELTS),WEST AFRICAN CRATON / SIERRA LEONE GREENSTONE BELTS / SULA MOUNTAINS GREENSTONE BELT / SONFON FORMATION,,8.5,9,-11.5,-11.75,SUBAERIAL,,,s 335 [5205],KOMATIITE [5205],,,NEO [5205],ARCHEAN [5205],,,,,VOLCANIC ROCK,,,,,WHOLE_ROCK [5205] ,225163.43950000004,1258.6139999999998,,36147.8433,,,,77108.16,30875.04,182660.816,1548.9160000000002,,166.03,296.7428,43.6421,62900.,,,,22100.,,,,,,,,,,,,,,,,,,,,,,,,,,,,,,,,,,,,,,,,,,2735,,,74,1593,22,58,7,,,,,0,16,3,0,0,,,,,,,,,,,,,14,0,1.34,0,0.86,0.22,0.13,0.46,,0.54,0,0,,0.34,0.07,,,,,,,,,,,,,0,,,,,,,,,,,,,,,,,,,,,,,,,,184950,
[5205],ARCHEAN CRATON (INCLUDING GREENSTONE BELTS),WEST AFRICAN CRATON / SIERRA LEONE GREENSTONE BELTS / SULA MOUNTAINS GREENSTONE BELT / SONFON FORMATION,,8.5,9,-11.5,-11.75,SUBAERIAL,,,s 328 [5205],KOMATIITE [5205],,,NEO [5205],ARCHEAN [5205],,,,,VOLCANIC ROCK,,,,,WHOLE_ROCK [5205] ,234979.57450000005,1198.68,,39958.4505,,,,61639.89,42667.59,167765.728,1006.7954,,249.045,445.1142,130.9263,55599.99999999999,,,,2000.,,,,,,,,,,,,,,,,,,,,,,,,,,,,,,,,,,,,,,,,,,2875,,,77,1481,11,49,7,,,,,3,3,7,8,0,,,,,,,,,,,,,9,0,1.03,0,1.48,0.67,0.08,0.72,,1.21,0.33,0.64,,0.93,0.17,,,,,,,,,,,,,0,,,,,,,,,,,,,,,,,,,,,,,,,,184951,
[5205],ARCHEAN CRATON (INCLUDING GREENSTONE BELTS),WEST AFRICAN CRATON / SIERRA LEONE GREENSTONE BELTS / SULA MOUNTAINS GREENSTONE BELT / SONFON FORMATION,,8.5,9,-11.5,-11.75,SUBAERIAL,,,s 339 [5205],KOMATIITE [5205],,,NEO [5205],ARCHEAN [5205],,,,,VOLCANIC ROCK,,,,,WHOLE_ROCK [5205] ,230725.91600000003,1198.68,,47685.515100000004,,,,67702.83,48313.72,154981.28,1239.1328,,249.045,296.7428,130.9263,64600.,,,,4000.,,,,,,,,,,,,,,,,,,,,,,,,,,,,,,,,,,,,,,,,,,3375,,,74,1217,0,55,5,,,,,0,5,9,8,0,,,,,,,,,,,,,8,0,5.18,0,2.74,0.62,0.22,0.91,,1.33,0.35,0.94,,0.99,0.17,,,,,,,,,,,,,0,,,,,,,,,,,,,,,,,,,,,,,,,,184952,
[5205],ARCHEAN CRATON (INCLUDING GREENSTONE BELTS),WEST AFRICAN CRATON / SIERRA LEONE GREENSTONE BELTS / SULA MOUNTAINS GREENSTONE BELT / SONFON FORMATION,,8.5,9,-11.5,-11.75,SUBAERIAL,,,s 326 [5205],KOMATIITE [5205],,,NEO [5205],ARCHEAN [5205],,,,,VOLCANIC ROCK,,,,,WHOLE_ROCK [5205] ,227360.38400000002,1258.6139999999998,,45409.7358,,,,72133.43999999999,57318.939999999995,150639.392,1394.0244,,249.045,296.7428,130.9263,63099.99999999999,,,,4500.,,,,,,,,,,,,,,,,,,,,,,,,,,,,,,,,,,,,,,,,,,2854,,,72,1409,0,65,7,,,,,0,6,6,8,0,,,,,,,,,,,,,10,0,1.83,0,1.51,0.86,0.28,1.41,,1.2,0,0,,0.87,0.19,,,,,,,,,,,,,0,,,,,,,,,,,,,,,,,,,,,,,,,,184953,
[5205],ARCHEAN CRATON (INCLUDING GREENSTONE BELTS),WEST AFRICAN CRATON / SIERRA LEONE GREENSTONE BELTS / SULA MOUNTAINS GREENSTONE BELT / SONFON FORMATION,,8.5,9,-11.5,-11.75,SUBAERIAL,,,s 340 [5205],KOMATIITE [5205],,,NEO [5205],ARCHEAN [5205],,,,,VOLCANIC ROCK,,,,,WHOLE_ROCK [5205] ,237690.69750000004,1078.812,,42551.780399999996,,,,61173.51,65109.17,142920.47999999998,1471.4702,,332.06,0.,87.2842,40400.,,,,1300.,,,,,,,,,,,,,,,,,,,,,,,,,,,,,,,,,,,,,,,,,,2488,,,72,1287,12,68,6,,,,,0,2,6,7,0,,,,,,,,,,,,,12,0,2.89,0,2.1,0.49,0.23,0.75,,0.99,0.26,0.69,,0.66,0.11,,,,,,,,,,,,,0,,,,,,,,,,,,,,,,,,,,,,,,,,184954,
[5205],ARCHEAN CRATON (INCLUDING GREENSTONE BELTS),WEST AFRICAN CRATON / SIERRA LEONE GREENSTONE BELTS / SULA MOUNTAINS GREENSTONE BELT / SONFON FORMATION,,8.5,9,-11.5,-11.75,SUBAERIAL,,,s 316 [5205],KOMATIITE [5205],,,NEO [5205],ARCHEAN [5205],,,,,VOLCANIC ROCK,,,,,WHOLE_ROCK [5205] ,220535.833,2637.096,,41546.2035,,,,94364.22,54102.79,147865.408,1239.1328,,249.045,445.1142,261.8526,60700.,,,,11200.000000000002,,,,,,,,,,,,,,,,,,,,,,,,,,,,,,,,,,,,,,,,,,3081,,,86,1536,39,74,8,,,,,0,7,10,27,0,,,,,,,,,,,,,10,0,4.5,0,3,0.99,0.14,1.43,,1.66,0.41,1,,0.95,0.17,,,,,,,,,,,,,0,,,,,,,,,,,,,,,,,,,,,,,,,,184955,
[5205],ARCHEAN CRATON (INCLUDING GREENSTONE BELTS),WEST AFRICAN CRATON / SIERRA LEONE GREENSTONE BELTS / SULA MOUNTAINS GREENSTONE BELT / SONFON FORMATION,,8.5,9,-11.5,-11.75,SUBAERIAL,,,s 318 [5205],KOMATIITE [5205],,,NEO [5205],ARCHEAN [5205],,,,,VOLCANIC ROCK,,,,,WHOLE_ROCK [5205] ,229791.046,2637.096,,38847.0234,,,,83792.93999999999,62250.37,140387.712,1161.687,,249.045,370.9285,261.8526,35500.,,,,7300.,,,,,,,,,,,,,,,,,,,,,,,,,,,,,,,,,,,,,,,,,,2873,,,75,1266,52,69,7,,,,,0,8,10,26,0,,,,,,,,,,,,,17,0,4.99,0,3.23,0.74,0.19,1.46,,1.76,0.43,1.13,,0.96,0.16,,,,,,,,,,,,,0,,,,,,,,,,,,,,,,,,,,,,,,,,184956,
[5205],ARCHEAN CRATON (INCLUDING GREENSTONE BELTS),WEST AFRICAN CRATON / SIERRA LEONE GREENSTONE BELTS / SULA MOUNTAINS GREENSTONE BELT / SONFON FORMATION,,8.5,9,-11.5,-11.75,SUBAERIAL,,,s 336 [5205],"BASALT, KOMATIITIC [5205]",,,NEO [5205],ARCHEAN [5205],,,,,VOLCANIC ROCK,,,,,WHOLE_ROCK [5205] ,226705.975,2996.7,,41228.6529,,,,87213.06000000001,70112.07,131583.32799999998,1626.3618,,83.015,741.857,174.5684,40500.,,,,2100.,,,,,,,,,,,,,,,,,,,,,,,,,,,,,,,,,,,,,,,,,,1790,,,75,1133,14,75,9,,,,,4,18,15,31,0,,,,,,,,,,,,,22,2.8,7.93,0,4.73,1.4,0.63,2.09,,2.46,0.61,1.61,,1.41,0.24,,,,,,,,,,,,,2,,,,,,,,,,,,,,,,,,,,,,,,,,184957,
[5205],ARCHEAN CRATON (INCLUDING GREENSTONE BELTS),WEST AFRICAN CRATON / SIERRA LEONE GREENSTONE BELTS / SULA MOUNTAINS GREENSTONE BELT / SONFON FORMATION,,8.5,9,-11.5,-11.75,SUBAERIAL,,,s 329 [5205],"BASALT, KOMATIITIC [5205]",,,NEO [5205],ARCHEAN [5205],,,,,VOLCANIC ROCK,,,,,WHOLE_ROCK [5205] ,234699.11350000004,3536.1059999999998,,55783.0554,,,,85114.34999999999,70040.6,99561.90400000001,1394.0244,,581.105,7863.6842,349.1368,30700.,,,,1400.0000000000002,,,,,,,,,,,,,,,,,,,,,,,,,,,,,,,,,,,,,,,,,,1892,,,70,796,20,71,12,,,,,0,39,17,41,0,,,,,,,,,,,,,38,4.51,10.41,0,6.41,1.75,0.64,2.39,,2.84,0.71,1.77,,1.57,0.25,,,,,,,,,,,,,1,,,,,,,,,,,,,,,,,,,,,,,,,,184958,
[5205],ARCHEAN CRATON (INCLUDING GREENSTONE BELTS),WEST AFRICAN CRATON / SIERRA LEONE GREENSTONE BELTS / SULA MOUNTAINS GREENSTONE BELT / SONFON FORMATION,,8.5,9,-11.5,-11.75,SUBAERIAL,,,s 325 [5205],"BASALT, KOMATIITIC [5205]",,,NEO [5205],ARCHEAN [5205],,,,,VOLCANIC ROCK,,,,,WHOLE_ROCK [5205] ,236475.36650000003,3356.304,,49643.743800000004,,,,83792.93999999999,75257.90999999999,99742.81599999999,1471.4702,,747.135,9273.2125,349.1368,32400.000000000004,,,,2800.0000000000005,,,,,,,,,,,,,,,,,,,,,,,,,,,,,,,,,,,,,,,,,,1803,,,61,786,16,78,9,,,,,2,37,21,39,0,,,,,,,,,,,,,34,5.82,6.94,0,5.34,1.19,0.73,2.96,,2.59,0.71,1.79,,1.42,0.28,,,,,,,,,,,,,2,,,,,,,,,,,,,,,,,,,,,,,,,,184959,
[5205],ARCHEAN CRATON (INCLUDING GREENSTONE BELTS),WEST AFRICAN CRATON / SIERRA LEONE GREENSTONE BELTS / SULA MOUNTAINS GREENSTONE BELT / SONFON FORMATION,,8.5,9,-11.5,-11.75,SUBAERIAL,,,s 321 [5205],"BASALT, KOMATIITIC [5205]",,,NEO [5205],ARCHEAN [5205],,,,,VOLCANIC ROCK,,,,,WHOLE_ROCK [5205] ,237036.28850000002,3476.1719999999996,,50278.845,,,,82782.45,72827.93,100466.46399999999,1394.0244,,581.105,10311.8123,261.8526,27700.,,,,3100.,,,,,,,,,,,,,,,,,,,,,,,,,,,,,,,,,,,,,,,,,,1874,,,62,799,9,70,11,,,,,2,52,15,39,0,,,,,,,,,,,,,27,3.03,6.38,0,4.26,1.2,0.6,2.15,,2.39,0.54,1.41,,1.28,0.21,,,,,,,,,,,,,1,,,,,,,,,,,,,,,,,,,,,,,,,,184960,
[5205],ARCHEAN CRATON (INCLUDING GREENSTONE BELTS),WEST AFRICAN CRATON / SIERRA LEONE GREENSTONE BELTS / SULA MOUNTAINS GREENSTONE BELT / SONFON FORMATION,,8.5,9,-11.5,-11.75,SUBAERIAL,,,s 319 [5205],"BASALT, KOMATIITIC [5205]",,,NEO [5205],ARCHEAN [5205],,,,,VOLCANIC ROCK,,,,,WHOLE_ROCK [5205] ,236568.85350000003,3596.0399999999995,,53030.9502,,,,83015.64,74257.33,96546.704,1471.4702,,913.165,9569.9553,436.42100000000005,28600.,,,,6100.,,,,,,,,,,,,,,,,,,,,,,,,,,,,,,,,,,,,,,,,,,1788,,,60,723,35,71,9,,,,,3,44,16,40,0,,,,,,,,,,,,,33,2.73,6.18,0,3.94,1.15,0.6,2.22,,2.42,0.55,1.49,,1.39,0.23,,,,,,,,,,,,,0,,,,,,,,,,,,,,,,,,,,,,,,,,184961,
[5205],ARCHEAN CRATON (INCLUDING GREENSTONE BELTS),WEST AFRICAN CRATON / SIERRA LEONE GREENSTONE BELTS / SULA MOUNTAINS GREENSTONE BELT / SONFON FORMATION,,8.5,9,-11.5,-11.75,SUBAERIAL,,,s 344 [5205],BASALT [5205],,,NEO [5205],ARCHEAN [5205],,,,,VOLCANIC ROCK,,,,,WHOLE_ROCK [5205] ,236475.36650000003,2756.964,,65838.8244,,,,71744.79000000001,72827.93,56746.064,1394.0244,,830.1500000000001,18991.5392,305.4947,9700.,,,,,,,,,,,,,,,,,,,,,,,,,,,,,,,,,,,,,,,,,,,,,,628,,,46,208,16,65,9,,,,,0,68,16,28,0,,,,,,,,,,,,,25,1.38,4.4,0,2.85,1.12,0.54,1.96,,2.36,0.65,1.54,,1.42,0.28,,,,,,,,,,,,,0,,,,,,,,,,,,,,,,,,,,,,,,,,184962,
[5205],ARCHEAN CRATON (INCLUDING GREENSTONE BELTS),WEST AFRICAN CRATON / SIERRA LEONE GREENSTONE BELTS / SULA MOUNTAINS GREENSTONE BELT / SONFON FORMATION,,8.5,9,-11.5,-11.75,SUBAERIAL,,,s 354 [5205],BASALT [5205],,,NEO [5205],ARCHEAN [5205],,,,,VOLCANIC ROCK,,,,,WHOLE_ROCK [5205] ,238298.363,4015.578,,74571.4659,,,,78740.49,77616.42,45228.,1394.0244,,2075.375,11721.3406,305.4947,18800.,,,,,,,,,,,,,,,,,,,,,,,,,,,,,,,,,,,,,,,,,,,,,,232,,,41,86,43,80,12,,,,,4,96,21,57,2,,,,,,,,,,,,,68,4.15,10.83,0,7.1,2.22,0.83,2.89,,3.45,0.87,2.12,,2.13,0.37,,,,,,,,,,,,,0,,,,,,,,,,,,,,,,,,,,,,,,,,184963,
[5205],ARCHEAN CRATON (INCLUDING GREENSTONE BELTS),WEST AFRICAN CRATON / SIERRA LEONE GREENSTONE BELTS / SULA MOUNTAINS GREENSTONE BELT / SONFON FORMATION,,8.5,9,-11.5,-11.75,SUBAERIAL,,,s 356 [5205],BASALT [5205],,,NEO [5205],ARCHEAN [5205],,,,,VOLCANIC ROCK,,,,,WHOLE_ROCK [5205] ,234371.909,3176.502,,89443.419,,,,64049.520000000004,80761.1,45589.82399999999,1239.1328,,996.18,10385.998,174.5684,12000.,,,,,,,,,,,,,,,,,,,,,,,,,,,,,,,,,,,,,,,,,,,,,,478,,,41,114,61,67,12,,,,,7,116,15,42,1,,,,,,,,,,,,,48,3.13,8.5,0,5.12,1.53,0.65,2.22,,2.37,0.63,1.53,,1.52,0.3,,,,,,,,,,,,,2,,,,,,,,,,,,,,,,,,,,,,,,,,184964,
[5205],ARCHEAN CRATON (INCLUDING GREENSTONE BELTS),WEST AFRICAN CRATON / SIERRA LEONE GREENSTONE BELTS / SULA MOUNTAINS GREENSTONE BELT / SONFON FORMATION,,8.5,9,-11.5,-11.75,SUBAERIAL,,,s 386 [5205],BASALT [5205],,,NEO [5205],ARCHEAN [5205],,,,,VOLCANIC ROCK,,,,,WHOLE_ROCK [5205] ,234512.13950000002,4195.379999999999,,73512.9639,,,,79828.70999999999,78259.65,39860.944,1394.0244,,2822.51,12611.569,305.4947,8500.,,,,,,,,,,,,,,,,,,,,,,,,,,,,,,,,,,,,,,,,,,,,,,223,,,44,81,76,72,13,,,,,16,109,22,54,0,,,,,,,,,,,,,85,3.69,7.79,0,7.07,2.17,0.74,2.42,,3.62,0.86,1.96,,2.2,0.33,,,,,,,,,,,,,2,,,,,,,,,,,,,,,,,,,,,,,,,,184965,
[5205],ARCHEAN CRATON (INCLUDING GREENSTONE BELTS),WEST AFRICAN CRATON / SIERRA LEONE GREENSTONE BELTS / SULA MOUNTAINS GREENSTONE BELT / SONFON FORMATION,,8.5,9,-11.5,-11.75,SUBAERIAL,,,s 374 [5205],BASALT [5205],,,NEO [5205],ARCHEAN [5205],,,,,VOLCANIC ROCK,,,,,WHOLE_ROCK [5205] ,240635.538,8151.024,,71343.03480000001,,,,101126.73,66967.39,30574.128,1703.8076,,1494.27,15356.439899999998,654.6315,2400.,,,,,,,,,,,,,,,,,,,,,,,,,,,,,,,,,,,,,,,,,,,,,,64,,,47,82,117,114,17,,,,,4,134,43,116,5,,,,,,,,,,,,,101,6.33,16.5,2.19,11.25,3.48,1.22,4.36,,4.99,1.22,2.91,,2.72,0.42,,,,,,,,,,,,,3,,,,,,,,,,,,,,,,,,,,,,,,,,184966,
[5205],ARCHEAN CRATON (INCLUDING GREENSTONE BELTS),WEST AFRICAN CRATON / SIERRA LEONE GREENSTONE BELTS / SULA MOUNTAINS GREENSTONE BELT / SONFON FORMATION,,8.5,9,-11.5,-11.75,SUBAERIAL,,,s 391 [5205],BASALT [5205],,,NEO [5205],ARCHEAN [5205],,,,,VOLCANIC ROCK,,,,,WHOLE_ROCK [5205] ,230866.14650000003,6712.608,,83198.25720000001,,,,101904.03,77473.48,38232.736,1626.3618,,1411.255,14169.4687,480.0631,4000.,,,,,,,,,,,,,,,,,,,,,,,,,,,,,,,,,,,,,,,,,,,,,,180,,,46,141,93,120,15,,,,,5,112,25,76,3,,,,,,,,,,,,,48,4.36,10.92,0,7.62,2.52,1.09,3.49,,3.84,1,2.42,,2.35,0.47,,,,,,,,,,,,,1,,,,,,,,,,,,,,,,,,,,,,,,,,184967,
[5205],ARCHEAN CRATON (INCLUDING GREENSTONE BELTS),WEST AFRICAN CRATON / SIERRA LEONE GREENSTONE BELTS / SULA MOUNTAINS GREENSTONE BELT / SONFON FORMATION,,8.5,9,-11.5,-11.75,SUBAERIAL,,,s 377 [5205],BASALT [5205],,,NEO [5205],ARCHEAN [5205],,,,,VOLCANIC ROCK,,,,,WHOLE_ROCK [5205] ,249703.77700000003,9469.572,,70602.0834,,,,117916.41,44668.75,20141.535999999996,1936.145,,1992.36,23961.981099999997,1221.9788,,,,,,,,,,,,,,,,,,,,,,,,,,,,,,,,,,,,,,,,,,,,,,,49,,,41,27,45,138,15,,,,,7,135,47,129,4,,,,,,,,,,,,,151,7.72,19.99,2.64,12.54,3.91,1.46,5.3,,5.72,1.42,3.68,,3.42,0.56,,,,,,,,,,,,,0,,,,,,,,,,,,,,,,,,,,,,,,,,184968,
[5205],ARCHEAN CRATON (INCLUDING GREENSTONE BELTS),WEST AFRICAN CRATON / SIERRA LEONE GREENSTONE BELTS / SULA MOUNTAINS GREENSTONE BELT / SONFON FORMATION,,8.5,9,-11.5,-11.75,SUBAERIAL,,,s 370 [5205],BASALT [5205],,,NEO [5205],ARCHEAN [5205],,,,,VOLCANIC ROCK,,,,,WHOLE_ROCK [5205] ,253723.71800000002,8091.09,,71554.7352,,,,99572.13,60463.62,28885.615999999998,1548.9160000000002,,1743.3149999999998,17211.0824,698.2736,8000.,,,,,,,,,,,,,,,,,,,,,,,,,,,,,,,,,,,,,,,,,,,,,,46,,,41,44,18,108,17,,,,,3,489,45,133,5,,,,,,,,,,,,,89,8.7,22.37,2.9,15.29,4.51,1.64,5.65,,6.8,1.69,4.16,,3.94,0.67,,,,,,,,,,,,,2,,,,,,,,,,,,,,,,,,,,,,,,,,184969,
[8624],ARCHEAN CRATON (INCLUDING GREENSTONE BELTS),WEST AFRICAN CRATON / SIERRA LEONE GREENSTONE BELTS / NIMINI GREENSTONE BELT,,8.5,8.5,-11.13,-11.13,SUBAERIAL,,,s 2 [8624],AMPHIBOLITE [8624],2800000000 [8624],2800000000 [8624],NEO [8624],ARCHEAN [8624],,,,VERY FINE-GRAINED [8624] ,METAMORPHIC ROCK,,,,,WHOLE_ROCK [8624] ,235119.805,6592.74,,65627.12400000001,,,,93742.38,79331.7,48243.2,1548.9160000000002,,1660.3000000000002,14837.14,436.42100000000005,,,,,,,,,,,,,,,,,,,,,,,,,,,,,,,,,,,,,,,,,,,,,,,259,,,,121,,85,,,,,,1,102,24,74,,,,,,,,,,,,,,34,,,,,,,,,,,,,,,,,,,,,,,,,,,,,,,,,,,,,,,,,,,,,,,,,,,,,247013,
[8624],ARCHEAN CRATON (INCLUDING GREENSTONE BELTS),WEST AFRICAN CRATON / SIERRA LEONE GREENSTONE BELTS / NIMINI GREENSTONE BELT,,8.5,8.5,-11.13,-11.13,SUBAERIAL,,,s 6 [8624],AMPHIBOLITE [8624],2800000000 [8624],2800000000 [8624],NEO [8624],ARCHEAN [8624],,,,MEDIUM-GRAINED [8624] ,METAMORPHIC ROCK,,,,,WHOLE_ROCK [8624] ,238859.28500000003,10788.119999999999,,62980.869000000006,,,,104235.93000000001,71470,34373.28,1548.9160000000002,,2490.45,18546.425,872.8420000000001,,,,,,,,,,,,,,,,,,,,,,,,,,,,,,,,,,,,,,,,,,,,,,,154,,,,73,,112,,,,,,1,139,31,111,,,,,,,,,,,,,,49,,,,,,,,,,,,,,,,,,,,,,,,,,,,,,,,,,,,,,,,,,,,,,,,,,,,,247014,
[8624],ARCHEAN CRATON (INCLUDING GREENSTONE BELTS),WEST AFRICAN CRATON / SIERRA LEONE GREENSTONE BELTS / NIMINI GREENSTONE BELT,,8.5,8.5,-11.13,-11.13,SUBAERIAL,,,s 8 [8624],AMPHIBOLITE [8624],2800000000 [8624],2800000000 [8624],NEO [8624],ARCHEAN [8624],,,,MEDIUM-GRAINED [8624] ,METAMORPHIC ROCK,,,,,WHOLE_ROCK [8624] ,226238.54,4794.72,,68273.379,,,,84647.97,82190.5,55479.67999999999,1548.9160000000002,,830.1500000000001,17062.711,436.42100000000005,,,,,,,,,,,,,,,,,,,,,,,,,,,,,,,,,,,,,,,,,,,,,,,375,,,,178,,81,,,,,,0,115,21,56,,,,,,,,,,,,,,30,,,,,,,,,,,,,,,,,,,,,,,,,,,,,,,,,,,,,,,,,,,,,,,,,,,,,247015,
[8624],ARCHEAN CRATON (INCLUDING GREENSTONE BELTS),WEST AFRICAN CRATON / SIERRA LEONE GREENSTONE BELTS / NIMINI GREENSTONE BELT,,8.5,8.5,-11.13,-11.13,SUBAERIAL,,,s 13 [8624],AMPHIBOLITE [8624],2800000000 [8624],2800000000 [8624],NEO [8624],ARCHEAN [8624],,,,MEDIUM-GRAINED [8624] ,METAMORPHIC ROCK,,,,,WHOLE_ROCK [8624] ,244935.94,2996.7,,74095.14,,,,72755.28,66467.1,47640.159999999996,1548.9160000000002,,10791.95,22255.71,436.42100000000005,,,,,,,,,,,,,,,,,,,,,,,,,,,,,,,,,,,,,,,,,,,,,,,459,,,,125,,80,,,,,,105,188,18,78,,,,,,,,,,,,,,300,,,,,,,,,,,,,,,,,,,,,,,,,,,,,,,,,,,,,,,,,,,,,,,,,,,,,247016,
[8624],ARCHEAN CRATON (INCLUDING GREENSTONE BELTS),WEST AFRICAN CRATON / SIERRA LEONE GREENSTONE BELTS / KAMBUI GREENSTONE BELT,SOUTH KAMBUI,7.95,7.95,-11.19,-11.19,SUBAERIAL,,,s 69 [8624],AMPHIBOLITE [8624],2800000000 [8624],2800000000 [8624],NEO [8624],ARCHEAN [8624],,,,,METAMORPHIC ROCK,,,,,WHOLE_ROCK [8624] ,243533.63500000004,2397.36,,80022.7512,,,,65060.009999999995,74614.68,49871.407999999996,1316.5786,,7305.32,17952.9394,480.0631,,,,,,,,,,,,,,,,10000,,,,,,,,,,,,,,,,,,,,,,,,,,,,,,,274,,,,75,,78,,,,,,31,139,10,42,,,,,,,,,,,,,,231,,,,,,,,,,,,,,,,,,,,,,,,,,,,,,,,,,,,,,,,,,,,,,,,,,,,,247017,
[8624],ARCHEAN CRATON (INCLUDING GREENSTONE BELTS),WEST AFRICAN CRATON / SIERRA LEONE GREENSTONE BELTS / KAMBUI GREENSTONE BELT,SOUTH KAMBUI,7.95,7.95,-11.19,-11.19,SUBAERIAL,,,s 65 [8624],AMPHIBOLITE [8624],2800000000 [8624],2800000000 [8624],NEO [8624],ARCHEAN [8624],,,,"MEDIUM-GRAINED, EQUIGRANULAR BANDED [8624] ",METAMORPHIC ROCK,,,,,WHOLE_ROCK [8624] ,235493.75300000003,7971.222,,84203.83410000001,,,,88145.81999999999,75686.73,29247.439999999995,2091.0366,,1162.21,26929.409099999997,829.1999000000001,,,,,,,,,,,,,,,,5000.,,,,,,,,,,,,,,,,,,,,,,,,,,,,,,,322,,,,123,,3,,,,,,3,132,26,87,,,,,,,,,,,,,,36,,,,,,,,,,,,,,,,,,,,,,,,,,,,,,,,,,,,,,,,,,,,,,,,,,,,,247018,
[8624],ARCHEAN CRATON (INCLUDING GREENSTONE BELTS),WEST AFRICAN CRATON / SIERRA LEONE GREENSTONE BELTS / GORI HILLS GREENSTONE BELT,,8.37,8.37,-10.77,-10.77,SUBAERIAL,,,s 75 [8624],AMPHIBOLITE [8624],2800000000 [8624],2800000000 [8624],NEO [8624],ARCHEAN [8624],,,,COARSE-GRAINED [8624] ,METAMORPHIC ROCK,,,,,WHOLE_ROCK [8624] ,237737.44100000002,958.944,,66579.7758,,,,84647.97,75829.67,43961.615999999995,2400.8197999999998,,4897.884999999999,19807.581899999997,610.9894,,,,,,,,,,,,,,,,3300.,,,,,,,,,,,,,,,,,,,,,,,,,,,,,,,811,,,,151,,100,,,,,,13,138,15,71,,,,,,,,,,,,,,159,,,,,,,,,,,,,,,,,,,,,,,,,,,,,,,,,,,,,,,,,,,,,,,,,,,,,247019,
[8624],ARCHEAN CRATON (INCLUDING GREENSTONE BELTS),WEST AFRICAN CRATON / SIERRA LEONE GREENSTONE BELTS / GORI HILLS GREENSTONE BELT,,8.37,8.37,-10.77,-10.77,SUBAERIAL,,,s 86 [8624],AMPHIBOLITE [8624],2800000000 [8624],2800000000 [8624],NEO [8624],ARCHEAN [8624],,,,FINE-GRAINED [8624] ,METAMORPHIC ROCK,,,,,WHOLE_ROCK [8624] ,242318.30400000003,3715.908,,80287.37670000001,,,,82005.15000000001,77830.83,45047.087999999996,1548.9160000000002,,1411.255,18694.7964,610.9894,,,,,,,,,,,,,,,,10000,,,,,,,,,,,,,,,,,,,,,,,,,,,,,,,383,,,,66,,76,,,,,,3,120,17,51,,,,,,,,,,,,,,49,,,,,,,,,,,,,,,,,,,,,,,,,,,,,,,,,,,,,,,,,,,,,,,,,,,,,247020,
[8624],ARCHEAN CRATON (INCLUDING GREENSTONE BELTS),WEST AFRICAN CRATON / SIERRA LEONE GREENSTONE BELTS / MANO MOA GREENSTONE BELT,BAGLA HILL,9.5,9.5,-11.25,-11.25,SUBAERIAL,,,s 156 [8624],GRANULITE [8624],2800000000 [8624],2800000000 [8624],NEO [8624],ARCHEAN [8624],,,,,METAMORPHIC ROCK,,,,,WHOLE_ROCK [8624] ,235213.29200000002,2996.7,,73565.88900000001,,,,81461.04000000001,88122.51,55178.159999999996,1626.3618,,2324.42,16617.5968,610.9894,,,,,,,,,,,,,,,,0,,,,,,,,,,,,,,,,,,,,,,,,,,,,,,,261,,,,132,,71,,,,,,3,146,13,34,,,,,,,,,,,,,,40,,,,,,,,,,,,,,,,,,,,,,,,,,,,,,,,,,,,,,,,,,,,,,,,,,,,,247021,
[8624],ARCHEAN CRATON (INCLUDING GREENSTONE BELTS),WEST AFRICAN CRATON / SIERRA LEONE GREENSTONE BELTS / MANO MOA GREENSTONE BELT,LALEHUN,9.5,9.5,-11.25,-11.25,SUBAERIAL,,,s 142 [8624],GRANULITE [8624],2800000000 [8624],2800000000 [8624],NEO [8624],ARCHEAN [8624],,,,COARSE-GRAINED [8624] ,METAMORPHIC ROCK,,,,,WHOLE_ROCK [8624] ,219180.27150000003,5214.258,,80816.6277,,,,94441.95,75758.2,50836.272,1703.8076,,4233.765,22404.0814,698.2736,,,,,,,,,,,,,,,,4200.,,,,,,,,,,,,,,,,,,,,,,,,,,,,,,,269,,,,155,,88,,,,,,5,140,21,47,,,,,,,,,,,,,,10,,,,,,,,,,,,,,,,,,,,,,,,,,,,,,,,,,,,,,,,,,,,,,,,,,,,,247022,
[8624],ARCHEAN CRATON (INCLUDING GREENSTONE BELTS),WEST AFRICAN CRATON / SIERRA LEONE GREENSTONE BELTS / KAMBUI GREENSTONE BELT,SOUTH KAMBUI,7.95,7.95,-11.19,-11.19,SUBAERIAL,,,s 57 [8624],SERPENTINITE [8624],2800000000 [8624],2800000000 [8624],NEO [8624],ARCHEAN [8624],,,,,METAMORPHIC ROCK,,,,,WHOLE_ROCK [8624] ,182299.65000000002,659.274,,12331.5483,,,,85192.08,18725.14,195204.04799999998,1548.9160000000002,,83.015,890.2284,218.21050000000002,,,,,,,,,,,,,,,,106700.,,,,,,,,,,,,,,,,,,,,,,,,,,,,,,,4207,,,,1591,,44,,,,,,3,5,3,7,,,,,,,,,,,,,,3,,,,,,,,,,,,,,,,,,,,,,,,,,,,,,,,,,,,,,,,,,,,,,,,,,,,,247023,
[8624],ARCHEAN CRATON (INCLUDING GREENSTONE BELTS),WEST AFRICAN CRATON / SIERRA LEONE GREENSTONE BELTS / KAMBUI GREENSTONE BELT,SOUTH KAMBUI,7.95,7.95,-11.19,-11.19,SUBAERIAL,,,s 60 [8624],SERPENTINITE [8624],2800000000 [8624],2800000000 [8624],NEO [8624],ARCHEAN [8624],,,,,METAMORPHIC ROCK,,,,,WHOLE_ROCK [8624] ,198098.95300000004,1138.7459999999999,,26409.624900000003,,,,74387.61,37450.28,172710.656,1239.1328,,249.045,2003.0139000000001,261.8526,,,,,,,,,,,,,,,,75800.,,,,,,,,,,,,,,,,,,,,,,,,,,,,,,,2982,,,,1491,,46,,,,,,3,34,4,12,,,,,,,,,,,,,,3,,,,,,,,,,,,,,,,,,,,,,,,,,,,,,,,,,,,,,,,,,,,,,,,,,,,,247024,
[8624],ARCHEAN CRATON (INCLUDING GREENSTONE BELTS),WEST AFRICAN CRATON / SIERRA LEONE GREENSTONE BELTS / GORI HILLS GREENSTONE BELT,,8.37,8.37,-10.77,-10.77,SUBAERIAL,,,s 79 [8624],NOT GIVEN [8624],2800000000 [8624],2800000000 [8624],NEO [8624],ARCHEAN [8624],,,,,METAMORPHIC ROCK,,,,,WHOLE_ROCK [8624] ,200342.641,2337.426,,44562.9342,,,,87990.36,54746.020000000004,130196.336,1626.3618,,581.105,1335.3426,436.42100000000005,,,,,,,,,,,,,,,,58300.,,,,,,,,,,,,,,,,,,,,,,,,,,,,,,,4150,,,,997,,83,,,,,,3,11,10,26,,,,,,,,,,,,,,3,,,,,,,,,,,,,,,,,,,,,,,,,,,,,,,,,,,,,,,,,,,,,,,,,,,,,247025,
[8624],ARCHEAN CRATON (INCLUDING GREENSTONE BELTS),WEST AFRICAN CRATON / SIERRA LEONE GREENSTONE BELTS / GORI HILLS GREENSTONE BELT,,8.37,8.37,-10.77,-10.77,SUBAERIAL,,,s 83 [8624],NOT GIVEN [8624],2800000000 [8624],2800000000 [8624],NEO [8624],ARCHEAN [8624],,,,,METAMORPHIC ROCK,,,,,WHOLE_ROCK [8624] ,209410.88,3356.304,,52078.2984,,,,93198.27,67610.62000000001,105109.87199999999,1936.145,,664.12,5489.7418,567.3473,,,,,,,,,,,,,,,,36600.,,,,,,,,,,,,,,,,,,,,,,,,,,,,,,,3107,,,,818,,111,,,,,,3,14,13,36,,,,,,,,,,,,,,3,,,,,,,,,,,,,,,,,,,,,,,,,,,,,,,,,,,,,,,,,,,,,,,,,,,,,247026,
[8624],ARCHEAN CRATON (INCLUDING GREENSTONE BELTS),WEST AFRICAN CRATON / SIERRA LEONE GREENSTONE BELTS / KAMBUI GREENSTONE BELT,NORTH KAMBUI,7.95,7.95,-11.19,-11.19,SUBAERIAL,,,s AJ1487 [8624],SERPENTINITE [8624],2800000000 [8624],2800000000 [8624],NEO [8624],ARCHEAN [8624],,,,COARSE-GRAINED [8624] ,METAMORPHIC ROCK,,,,,WHOLE_ROCK [8624] ,161311.8185,,,6456.8622000000005,,,,92265.51,786.17,229336.112,1394.0244,,166.03,1038.5998,87.2842,,,,,,,,,,,,,,,,119000.,,,,,,,,,,,,,,,,,,,,,,,,,,,,,,,5200,,,,,,,,,,,,,,,,,,,,,,,,,,,,,,,,,,,,,,,,,,,,,,,,,,,,,,,,,,,,,,,,,,,,,,,,,,,,,,,,,,247027,
[8624],ARCHEAN CRATON (INCLUDING GREENSTONE BELTS),WEST AFRICAN CRATON / SIERRA LEONE GREENSTONE BELTS / KAMBUI GREENSTONE BELT,NORTH KAMBUI,7.95,7.95,-11.19,-11.19,SUBAERIAL,,,s AJ103 [8624],DUNITE [8624],2800000000 [8624],2800000000 [8624],NEO [8624],ARCHEAN [8624],,,,,PLUTONIC ROCK,,,,,WHOLE_ROCK [8624] ,169678.905,359.604,,3704.757,,,,43140.15,8576.4,275589.28,697.0122,,166.03,222.5571,261.8526,,,,,,,,,,,,,,,,72800.,,,,,,,,,,,,,,,,,,,,,,,,,,,,,,,8143,,,,1870,,,,,,,,,,,,,,,,,,,,,,,,,,,,,,,,,,,,,,,,,,,,,,,,,,,,,,,,,,,,,,,,,,,,,,,,,,,,,,247028,
[8624],ARCHEAN CRATON (INCLUDING GREENSTONE BELTS),WEST AFRICAN CRATON / SIERRA LEONE GREENSTONE BELTS / MANO MOA GREENSTONE BELT,BAGLA HILL,9.5,9.5,-11.25,-11.25,SUBAERIAL,,,s 159 [8624],NOT GIVEN [8624],2800000000 [8624],2800000000 [8624],NEO [8624],ARCHEAN [8624],,,,EQUIGRANULAR [8624] ,METAMORPHIC ROCK,,,,,WHOLE_ROCK [8624] ,238812.54150000002,3895.71,,39905.5254,,,,83326.56000000001,100558.29000000001,81350.09599999999,1548.9160000000002,,3984.72,13650.1688,698.2736,,,,,,,,,,,,,,,,0,,,,,,,,,,,,,,,,,,,,,,,,,,,,,,,1374,,,,274,,58,,,,,,5,83,13,46,,,,,,,,,,,,,,38,,,,,,,,,,,,,,,,,,,,,,,,,,,,,,,,,,,,,,,,,,,,,,,,,,,,,247029,
[8624],ARCHEAN CRATON (INCLUDING GREENSTONE BELTS),WEST AFRICAN CRATON / SIERRA LEONE GREENSTONE BELTS / MANO MOA GREENSTONE BELT,BAGLA HILL,9.5,9.5,-11.25,-11.25,SUBAERIAL,,,s 160 [8624],NOT GIVEN [8624],2800000000 [8624],2800000000 [8624],NEO [8624],ARCHEAN [8624],,,,EQUIGRANULAR [8624] ,METAMORPHIC ROCK,,,,,WHOLE_ROCK [8624] ,228295.25400000004,2876.832,,27944.452800000003,,,,79906.43999999999,96555.97,108004.46399999999,1548.9160000000002,,3237.585,11424.5978,567.3473,,,,,,,,,,,,,,,,4500.,,,,,,,,,,,,,,,,,,,,,,,,,,,,,,,2464,,,,518,,54,,,,,,6,67,9,29,,,,,,,,,,,,,,3,,,,,,,,,,,,,,,,,,,,,,,,,,,,,,,,,,,,,,,,,,,,,,,,,,,,,247030,
[8624],ARCHEAN CRATON (INCLUDING GREENSTONE BELTS),WEST AFRICAN CRATON / SIERRA LEONE GREENSTONE BELTS / MANO MOA GREENSTONE BELT,BAGLA HILL,9.5,9.5,-11.25,-11.25,SUBAERIAL,,,s 178 [8624],NOT GIVEN [8624],2800000000 [8624],2800000000 [8624],NEO [8624],ARCHEAN [8624],,,,EQUIGRANULAR [8624] ,METAMORPHIC ROCK,,,,,WHOLE_ROCK [8624] ,225537.3875,659.274,,34454.2401,,,,92187.78,40880.84,151845.47199999998,1781.2534,,1577.285,3931.8421,480.0631,,,,,,,,,,,,,,,,5000.,,,,,,,,,,,,,,,,,,,,,,,,,,,,,,,3426,,,,963,,85,,,,,,4,16,9,29,,,,,,,,,,,,,,3,,,,,,,,,,,,,,,,,,,,,,,,,,,,,,,,,,,,,,,,,,,,,,,,,,,,,247031,
[8624],ARCHEAN CRATON (INCLUDING GREENSTONE BELTS),WEST AFRICAN CRATON / SIERRA LEONE GREENSTONE BELTS / MANO MOA GREENSTONE BELT,BAGLA HILL,9.5,9.5,-11.25,-11.25,SUBAERIAL,,,s 170 [8624],NOT GIVEN [8624],2800000000 [8624],2800000000 [8624],NEO [8624],ARCHEAN [8624],,,,EQUIGRANULAR [8624] ,METAMORPHIC ROCK,,,,,WHOLE_ROCK [8624] ,203147.25100000002,1618.218,,21434.6655,,,,87523.98,37092.93,246643.36,1394.0244,,7720.395,6750.8987,436.42100000000005,,,,,,,,,,,,,,,,28300.,,,,,,,,,,,,,,,,,,,,,,,,,,,,,,,4217,,,,1320,,47,,,,,,39,40,10,21,,,,,,,,,,,,,,6,,,,,,,,,,,,,,,,,,,,,,,,,,,,,,,,,,,,,,,,,,,,,,,,,,,,,247032,